%YAML 1.1
%TAG !u! tag:unity3d.com,2011:
--- !u!1 &553129771314349780
GameObject:
  m_ObjectHideFlags: 0
  m_CorrespondingSourceObject: {fileID: 0}
  m_PrefabInstance: {fileID: 0}
  m_PrefabAsset: {fileID: 0}
  serializedVersion: 6
  m_Component:
  - component: {fileID: 3191751816304756695}
  m_Layer: 11
  m_Name: Emepty2
  m_TagString: Untagged
  m_Icon: {fileID: 0}
  m_NavMeshLayer: 0
  m_StaticEditorFlags: 0
  m_IsActive: 1
--- !u!4 &3191751816304756695
Transform:
  m_ObjectHideFlags: 0
  m_CorrespondingSourceObject: {fileID: 0}
  m_PrefabInstance: {fileID: 0}
  m_PrefabAsset: {fileID: 0}
  m_GameObject: {fileID: 553129771314349780}
  m_LocalRotation: {x: -0, y: -0, z: -0, w: 1}
  m_LocalPosition: {x: 0, y: 0, z: 0}
  m_LocalScale: {x: 1, y: 1, z: 1}
  m_Children: []
  m_Father: {fileID: 5900295975235105236}
  m_RootOrder: 2
  m_LocalEulerAnglesHint: {x: 0, y: 0, z: 0}
--- !u!1 &1577239999479407332
GameObject:
  m_ObjectHideFlags: 0
  m_CorrespondingSourceObject: {fileID: 0}
  m_PrefabInstance: {fileID: 0}
  m_PrefabAsset: {fileID: 0}
  serializedVersion: 6
  m_Component:
  - component: {fileID: 2274650132203719797}
  m_Layer: 11
  m_Name: Emepty1
  m_TagString: Untagged
  m_Icon: {fileID: 0}
  m_NavMeshLayer: 0
  m_StaticEditorFlags: 0
  m_IsActive: 1
--- !u!4 &2274650132203719797
Transform:
  m_ObjectHideFlags: 0
  m_CorrespondingSourceObject: {fileID: 0}
  m_PrefabInstance: {fileID: 0}
  m_PrefabAsset: {fileID: 0}
  m_GameObject: {fileID: 1577239999479407332}
  m_LocalRotation: {x: -0, y: -0, z: -0, w: 1}
  m_LocalPosition: {x: 0, y: 0, z: 0}
  m_LocalScale: {x: 1, y: 1, z: 1}
  m_Children: []
  m_Father: {fileID: 5900295975235105236}
  m_RootOrder: 1
  m_LocalEulerAnglesHint: {x: 0, y: 0, z: 0}
--- !u!1 &7442489087506312982
GameObject:
  m_ObjectHideFlags: 0
  m_CorrespondingSourceObject: {fileID: 0}
  m_PrefabInstance: {fileID: 0}
  m_PrefabAsset: {fileID: 0}
  serializedVersion: 6
  m_Component:
  - component: {fileID: 5900295975235105236}
  - component: {fileID: 8874653213744180538}
  m_Layer: 11
  m_Name: UHT
  m_TagString: Untagged
  m_Icon: {fileID: 0}
  m_NavMeshLayer: 0
  m_StaticEditorFlags: 0
  m_IsActive: 1
--- !u!4 &5900295975235105236
Transform:
  m_ObjectHideFlags: 0
  m_CorrespondingSourceObject: {fileID: 0}
  m_PrefabInstance: {fileID: 0}
  m_PrefabAsset: {fileID: 0}
  m_GameObject: {fileID: 7442489087506312982}
  m_LocalRotation: {x: 0, y: 0, z: 0, w: 1}
  m_LocalPosition: {x: 0, y: 0, z: 0}
  m_LocalScale: {x: 1, y: 1, z: 1}
  m_Children:
  - {fileID: 7984379619285119862}
  - {fileID: 2274650132203719797}
  - {fileID: 3191751816304756695}
  - {fileID: 7984379619079576673}
  m_Father: {fileID: 0}
  m_RootOrder: 0
  m_LocalEulerAnglesHint: {x: 0, y: 0, z: 0}
--- !u!114 &8874653213744180538
MonoBehaviour:
  m_ObjectHideFlags: 0
  m_CorrespondingSourceObject: {fileID: 0}
  m_PrefabInstance: {fileID: 0}
  m_PrefabAsset: {fileID: 0}
  m_GameObject: {fileID: 7442489087506312982}
  m_Enabled: 1
  m_EditorHideFlags: 0
  m_Script: {fileID: 11500000, guid: 8f477b9b34582df44948a70efb28c3eb, type: 3}
  m_Name: 
  m_EditorClassIdentifier: 
  mainObject: {fileID: 7984379619285119867}
  baseObject: {fileID: 0}
  AllObject:
  - {fileID: 7984379619285119867}
  - {fileID: 7984379618006390930}
  - {fileID: 7984379619299954193}
  - {fileID: 7984379617462353114}
  - {fileID: 7984379618418831333}
  - {fileID: 7984379619503954864}
  controller: {fileID: 7984379619079576672}
--- !u!1 &7984379617462353114
GameObject:
  m_ObjectHideFlags: 0
  m_CorrespondingSourceObject: {fileID: 0}
  m_PrefabInstance: {fileID: 0}
  m_PrefabAsset: {fileID: 0}
  serializedVersion: 6
  m_Component:
  - component: {fileID: 7984379617462353111}
  - component: {fileID: 7984379617462353115}
  - component: {fileID: 7984379617462353110}
  - component: {fileID: 7984379617462353109}
  - component: {fileID: 7984379617462353108}
  - component: {fileID: 1527646274057252966}
  - component: {fileID: 3159658576384430195}
  m_Layer: 11
  m_Name: smallwingLeft
  m_TagString: Untagged
  m_Icon: {fileID: 0}
  m_NavMeshLayer: 0
  m_StaticEditorFlags: 0
  m_IsActive: 1
--- !u!4 &7984379617462353111
Transform:
  m_ObjectHideFlags: 0
  m_CorrespondingSourceObject: {fileID: 0}
  m_PrefabInstance: {fileID: 0}
  m_PrefabAsset: {fileID: 0}
  m_GameObject: {fileID: 7984379617462353114}
  m_LocalRotation: {x: -0, y: -0, z: -0, w: 1}
  m_LocalPosition: {x: 0, y: 0, z: 0}
  m_LocalScale: {x: 1, y: 1, z: 1}
  m_Children: []
  m_Father: {fileID: 7984379619285119862}
  m_RootOrder: 3
  m_LocalEulerAnglesHint: {x: 0, y: 0, z: 0}
--- !u!114 &7984379617462353115
MonoBehaviour:
  m_ObjectHideFlags: 0
  m_CorrespondingSourceObject: {fileID: 0}
  m_PrefabInstance: {fileID: 0}
  m_PrefabAsset: {fileID: 0}
  m_GameObject: {fileID: 7984379617462353114}
  m_Enabled: 1
  m_EditorHideFlags: 0
  m_Script: {fileID: 11500000, guid: 598e68924c9f6324bbfd049d3bae754c, type: 3}
  m_Name: 
  m_EditorClassIdentifier: 
  editorDrawPivot: 1
  editorPathColor: {r: 1, g: 1, b: 1, a: 1}
  editorAlwaysDraw: 0
  editorDrawThickness: 0
  editorBillboardThickness: 1
  isNewlyCreated: 0
  editorUpdateMode: 0
  multithreaded: 0
  updateMode: 0
  triggerGroups: []
  _spline:
    points:
    - _type: 0
      position: {x: 0, y: 13.5, z: 0}
      color: {r: 1, g: 1, b: 1, a: 1}
      normal: {x: 1, y: 0, z: 0}
      size: 1
      tangent: {x: -0.039584637, y: 13.5, z: 0.039584637}
      tangent2: {x: 0.039584637, y: 13.5, z: -0.039584637}
    - _type: 0
      position: {x: 0, y: 13.5, z: 0}
      color: {r: 1, g: 1, b: 1, a: 1}
      normal: {x: 0, y: 1, z: 0}
      size: 1
      tangent: {x: 0, y: 13.5, z: 0}
      tangent2: {x: 0, y: 13.5, z: 0}
    - _type: 0
      position: {x: 0, y: 13, z: 0}
      color: {r: 1, g: 1, b: 1, a: 1}
      normal: {x: 1, y: 0, z: 0}
      size: 1
      tangent: {x: 0, y: 13, z: 0}
      tangent2: {x: 0, y: 13, z: 0}
    type: 3
    linearAverageDirection: 1
    customValueInterpolation:
      serializedVersion: 2
      m_Curve: []
      m_PreInfinity: 2
      m_PostInfinity: 2
      m_RotationOrder: 4
    customNormalInterpolation:
      serializedVersion: 2
      m_Curve: []
      m_PreInfinity: 2
      m_PostInfinity: 2
      m_RotationOrder: 4
    sampleRate: 10
    closed: 1
    _knotParametrization: 0
  _originalSamplePercents: []
  _is2D: 0
  hasSamples: 1
  _optimizeAngleThreshold: 0.5
  _space: 0
  _sampleMode: 0
  _subscribers:
  - {fileID: 7984379617462353108}
  _rawSamples:
  - position: {x: 0, y: 13.5, z: 0}
    up: {x: 1, y: 0, z: 0}
    forward: {x: 0, y: 1, z: 0}
    color: {r: 1, g: 1, b: 1, a: 1}
    size: 1
    percent: 0
  - position: {x: 0, y: 13.5, z: 0}
    up: {x: 0, y: 1, z: 0}
    forward: {x: 0, y: -1, z: 0}
    color: {r: 1, g: 1, b: 1, a: 1}
    size: 1
    percent: 0.3333333333333333
  - position: {x: 0, y: 13, z: 0}
    up: {x: 1, y: 0, z: 0}
    forward: {x: 0, y: 0.00000004371139, z: -1}
    color: {r: 1, g: 1, b: 1, a: 1}
    size: 1
    percent: 0.6666666666666666
  - position: {x: 0, y: 13.5, z: 0}
    up: {x: 1, y: 0, z: 0}
    forward: {x: 0, y: 1, z: 0}
    color: {r: 1, g: 1, b: 1, a: 1}
    size: 1
    percent: 1
  _nodes:
  - node: {fileID: 7984379618021683915}
    pointIndex: 1
  - node: {fileID: 7984379618817315722}
    pointIndex: 0
  - node: {fileID: 7984379619142712962}
    pointIndex: 2
--- !u!33 &7984379617462353110
MeshFilter:
  m_ObjectHideFlags: 0
  m_CorrespondingSourceObject: {fileID: 0}
  m_PrefabInstance: {fileID: 0}
  m_PrefabAsset: {fileID: 0}
  m_GameObject: {fileID: 7984379617462353114}
  m_Mesh: {fileID: 0}
--- !u!23 &7984379617462353109
MeshRenderer:
  m_ObjectHideFlags: 0
  m_CorrespondingSourceObject: {fileID: 0}
  m_PrefabInstance: {fileID: 0}
  m_PrefabAsset: {fileID: 0}
  m_GameObject: {fileID: 7984379617462353114}
  m_Enabled: 1
  m_CastShadows: 1
  m_ReceiveShadows: 1
  m_DynamicOccludee: 1
  m_MotionVectors: 1
  m_LightProbeUsage: 1
  m_ReflectionProbeUsage: 1
  m_RayTracingMode: 2
  m_RayTraceProcedural: 0
  m_RenderingLayerMask: 1
  m_RendererPriority: 0
  m_Materials:
  - {fileID: 2100000, guid: 57b445eb3f98c2742bc9136625bd0fc4, type: 2}
  m_StaticBatchInfo:
    firstSubMesh: 0
    subMeshCount: 0
  m_StaticBatchRoot: {fileID: 0}
  m_ProbeAnchor: {fileID: 0}
  m_LightProbeVolumeOverride: {fileID: 0}
  m_ScaleInLightmap: 1
  m_ReceiveGI: 1
  m_PreserveUVs: 0
  m_IgnoreNormalsForChartDetection: 0
  m_ImportantGI: 0
  m_StitchLightmapSeams: 1
  m_SelectedEditorRenderState: 3
  m_MinimumChartSize: 4
  m_AutoUVMaxDistance: 0.5
  m_AutoUVMaxAngle: 89
  m_LightmapParameters: {fileID: 0}
  m_SortingLayerID: 0
  m_SortingLayer: 0
  m_SortingOrder: 0
  m_AdditionalVertexStreams: {fileID: 0}
--- !u!114 &7984379617462353108
MonoBehaviour:
  m_ObjectHideFlags: 0
  m_CorrespondingSourceObject: {fileID: 0}
  m_PrefabInstance: {fileID: 0}
  m_PrefabAsset: {fileID: 0}
  m_GameObject: {fileID: 7984379617462353114}
  m_Enabled: 1
  m_EditorHideFlags: 0
  m_Script: {fileID: 11500000, guid: ff5f5220af00e574287547dab664b9ab, type: 3}
  m_Name: 
  m_EditorClassIdentifier: 
  updateMethod: 0
  _spline: {fileID: 7984379617462353115}
  _autoUpdate: 1
  _rotationModifier:
    blend: 1
    useClippedPercent: 0
    keys: []
  _offsetModifier:
    blend: 1
    useClippedPercent: 0
    keys: []
  _colorModifier:
    blend: 1
    useClippedPercent: 0
    keys: []
  _sizeModifier:
    blend: 1
    useClippedPercent: 0
    keys: []
  _clipFromSample:
    position: {x: 0, y: 13.5, z: 0}
    up: {x: 1, y: 0, z: 0}
    forward: {x: 0, y: 1, z: 0}
    color: {r: 1, g: 1, b: 1, a: 1}
    size: 1
    percent: 0
  _clipToSample:
    position: {x: 0, y: 13.5, z: 0}
    up: {x: 1, y: 0, z: 0}
    forward: {x: 0, y: 1, z: 0}
    color: {r: 1, g: 1, b: 1, a: 1}
    size: 1
    percent: 1
  _loopSamples: 0
  _clipFrom: 0
  _clipTo: 1
  animClipFrom: 0
  animClipTo: 1
  multithreaded: 0
  buildOnAwake: 1
  buildOnEnable: 0
  _baked: 0
  _markDynamic: 1
  _size: 1
  _color: {r: 1, g: 1, b: 1, a: 1}
  _offset: {x: 0, y: 0, z: 0}
  _normalMethod: 0
  _calculateTangents: 1
  _useSplineSize: 1
  _useSplineColor: 1
  _rotation: 0
  _flipFaces: 0
  _doubleSided: 1
  _uvMode: 0
  _uvScale: {x: 1, y: 1}
  _uvOffset: {x: 0, y: 0}
  _uvRotation: 0
  _meshIndexFormat: 0
  _bakedMesh: {fileID: 0}
  colliderUpdateRate: 0.2
  _expand: 0
  _extrude: -0.075
  _sideUvScale: {x: 1, y: 1}
  _sideUvOffset: {x: 0, y: 0}
  _sideUvRotation: 0
  _extrudeSpline: {fileID: 0}
  _extrudeOffset: {x: 0, y: 0, z: 0}
  extrudeResults: []
  identityVertices: []
  identityNormals: []
  projectedVerts:
  - {x: 0.0000000024835316, y: 0.14907148}
  - {x: 0.0000000024835316, y: 0.14907148}
  - {x: -0.000000004967049, y: -0.2981421}
  surfaceTris: 
  wallTris: 040000000100000000000000040000000500000001000000050000000200000001000000050000000600000002000000060000000300000002000000060000000700000003000000
  _extrudeFrom: 0
  _extrudeTo: 1
  _uniformUvs: 0
--- !u!64 &1527646274057252966
MeshCollider:
  m_ObjectHideFlags: 0
  m_CorrespondingSourceObject: {fileID: 0}
  m_PrefabInstance: {fileID: 0}
  m_PrefabAsset: {fileID: 0}
  m_GameObject: {fileID: 7984379617462353114}
  m_Material: {fileID: 0}
  m_IsTrigger: 0
  m_Enabled: 1
  serializedVersion: 4
  m_Convex: 0
  m_CookingOptions: 30
  m_Mesh: {fileID: 0}
--- !u!114 &3159658576384430195
MonoBehaviour:
  m_ObjectHideFlags: 0
  m_CorrespondingSourceObject: {fileID: 0}
  m_PrefabInstance: {fileID: 0}
  m_PrefabAsset: {fileID: 0}
  m_GameObject: {fileID: 7984379617462353114}
  m_Enabled: 0
  m_EditorHideFlags: 0
  m_Script: {fileID: 11500000, guid: 38c80816d5648374bbfe926339b82a04, type: 3}
  m_Name: 
  m_EditorClassIdentifier: 
  wireframeMaterial: {fileID: 2100000, guid: a76b16d4020749944b33340ad612b423, type: 2}
--- !u!1 &7984379617596276145
GameObject:
  m_ObjectHideFlags: 0
  m_CorrespondingSourceObject: {fileID: 0}
  m_PrefabInstance: {fileID: 0}
  m_PrefabAsset: {fileID: 0}
  serializedVersion: 6
  m_Component:
  - component: {fileID: 7984379617596276147}
  - component: {fileID: 7984379617596276146}
  m_Layer: 11
  m_Name: UHTTop1
  m_TagString: Untagged
  m_Icon: {fileID: 0}
  m_NavMeshLayer: 0
  m_StaticEditorFlags: 0
  m_IsActive: 1
--- !u!4 &7984379617596276147
Transform:
  m_ObjectHideFlags: 0
  m_CorrespondingSourceObject: {fileID: 0}
  m_PrefabInstance: {fileID: 0}
  m_PrefabAsset: {fileID: 0}
  m_GameObject: {fileID: 7984379617596276145}
  m_LocalRotation: {x: 0, y: 0, z: 0, w: 1}
  m_LocalPosition: {x: 0, y: 13.5, z: 0}
  m_LocalScale: {x: 1, y: 1, z: 1}
  m_Children: []
  m_Father: {fileID: 7984379619079576673}
  m_RootOrder: 6
  m_LocalEulerAnglesHint: {x: 0, y: 0, z: 0}
--- !u!114 &7984379617596276146
MonoBehaviour:
  m_ObjectHideFlags: 0
  m_CorrespondingSourceObject: {fileID: 0}
  m_PrefabInstance: {fileID: 0}
  m_PrefabAsset: {fileID: 0}
  m_GameObject: {fileID: 7984379617596276145}
  m_Enabled: 1
  m_EditorHideFlags: 0
  m_Script: {fileID: 11500000, guid: a212c074803b6824cae48ffa7abb84cf, type: 3}
  m_Name: 
  m_EditorClassIdentifier: 
  type: 0
  connections:
  - invertTangents: 0
    _pointIndex: 2
    _computer: {fileID: 7984379619503954865}
    point:
      _type: 0
      position: {x: 0, y: 0, z: 0}
      color: {r: 1, g: 1, b: 1, a: 1}
      normal: {x: 1, y: 0, z: 0}
      size: 1
      tangent: {x: 0, y: 0, z: 0}
      tangent2: {x: 0, y: 0, z: 0}
  - invertTangents: 0
    _pointIndex: 1
    _computer: {fileID: 7984379618006390931}
    point:
      _type: 0
      position: {x: 0, y: 0, z: 0}
      color: {r: 1, g: 1, b: 1, a: 1}
      normal: {x: 1, y: 0, z: 0}
      size: 1
      tangent: {x: 0, y: 0, z: 0}
      tangent2: {x: 0, y: 0, z: 0}
  - invertTangents: 0
    _pointIndex: 1
    _computer: {fileID: 7984379619299954194}
    point:
      _type: 0
      position: {x: 0, y: 0, z: 0}
      color: {r: 1, g: 1, b: 1, a: 1}
      normal: {x: 1, y: 0, z: 0}
      size: 1
      tangent: {x: 0, y: 0, z: 0}
      tangent2: {x: 0, y: 0, z: 0}
  _transformSize: 1
  _transformNormals: 1
  _transformTangents: 1
--- !u!1 &7984379617908369102
GameObject:
  m_ObjectHideFlags: 0
  m_CorrespondingSourceObject: {fileID: 0}
  m_PrefabInstance: {fileID: 0}
  m_PrefabAsset: {fileID: 0}
  serializedVersion: 6
  m_Component:
  - component: {fileID: 7984379617908369096}
  - component: {fileID: 7984379617908369103}
  m_Layer: 11
  m_Name: UHTBaseTop2
  m_TagString: Untagged
  m_Icon: {fileID: 0}
  m_NavMeshLayer: 0
  m_StaticEditorFlags: 0
  m_IsActive: 1
--- !u!4 &7984379617908369096
Transform:
  m_ObjectHideFlags: 0
  m_CorrespondingSourceObject: {fileID: 0}
  m_PrefabInstance: {fileID: 0}
  m_PrefabAsset: {fileID: 0}
  m_GameObject: {fileID: 7984379617908369102}
  m_LocalRotation: {x: 0, y: 0, z: 0, w: 1}
  m_LocalPosition: {x: 0, y: 13.5, z: 0}
  m_LocalScale: {x: 1, y: 1, z: 1}
  m_Children: []
  m_Father: {fileID: 7984379619079576673}
  m_RootOrder: 3
  m_LocalEulerAnglesHint: {x: 0, y: 0, z: 0}
--- !u!114 &7984379617908369103
MonoBehaviour:
  m_ObjectHideFlags: 0
  m_CorrespondingSourceObject: {fileID: 0}
  m_PrefabInstance: {fileID: 0}
  m_PrefabAsset: {fileID: 0}
  m_GameObject: {fileID: 7984379617908369102}
  m_Enabled: 1
  m_EditorHideFlags: 0
  m_Script: {fileID: 11500000, guid: a212c074803b6824cae48ffa7abb84cf, type: 3}
  m_Name: 
  m_EditorClassIdentifier: 
  type: 0
  connections:
  - invertTangents: 0
    _pointIndex: 3
    _computer: {fileID: 7984379619285119861}
    point:
      _type: 0
      position: {x: 0, y: 0, z: 0}
      color: {r: 1, g: 1, b: 1, a: 1}
      normal: {x: 0, y: 1, z: 0}
      size: 1
      tangent: {x: -0.12517786, y: 0, z: -0.09408569}
      tangent2: {x: 0.12517834, y: 0, z: 0.09408569}
  - invertTangents: 0
    _pointIndex: 0
    _computer: {fileID: 7984379619503954865}
    point:
      _type: 0
      position: {x: 0, y: 0, z: 0}
      color: {r: 1, g: 1, b: 1, a: 1}
      normal: {x: 0, y: 1, z: 0}
      size: 1
      tangent: {x: -0.12517786, y: 0, z: -0.09408569}
      tangent2: {x: 0.12517834, y: 0, z: 0.09408569}
  - invertTangents: 0
    _pointIndex: 0
    _computer: {fileID: 7984379618418831330}
    point:
      _type: 0
      position: {x: 0, y: 0, z: 0}
      color: {r: 1, g: 1, b: 1, a: 1}
      normal: {x: 0, y: 1, z: 0}
      size: 1
      tangent: {x: -0.12517786, y: 0, z: -0.09408569}
      tangent2: {x: 0.12517834, y: 0, z: 0.09408569}
  _transformSize: 1
  _transformNormals: 1
  _transformTangents: 1
--- !u!1 &7984379618006390930
GameObject:
  m_ObjectHideFlags: 0
  m_CorrespondingSourceObject: {fileID: 0}
  m_PrefabInstance: {fileID: 0}
  m_PrefabAsset: {fileID: 0}
  serializedVersion: 6
  m_Component:
  - component: {fileID: 7984379618006391020}
  - component: {fileID: 7984379618006390931}
  - component: {fileID: 7984379618006391023}
  - component: {fileID: 7984379618006391022}
  - component: {fileID: 7984379618006391021}
  - component: {fileID: 481728163041400013}
  - component: {fileID: 2989454165326488166}
  m_Layer: 11
  m_Name: SmallwingRight
  m_TagString: Untagged
  m_Icon: {fileID: 0}
  m_NavMeshLayer: 0
  m_StaticEditorFlags: 0
  m_IsActive: 1
--- !u!4 &7984379618006391020
Transform:
  m_ObjectHideFlags: 0
  m_CorrespondingSourceObject: {fileID: 0}
  m_PrefabInstance: {fileID: 0}
  m_PrefabAsset: {fileID: 0}
  m_GameObject: {fileID: 7984379618006390930}
  m_LocalRotation: {x: -0, y: -0, z: -0, w: 1}
  m_LocalPosition: {x: 0, y: 0, z: 0}
  m_LocalScale: {x: 1, y: 1, z: 1}
  m_Children: []
  m_Father: {fileID: 7984379619285119862}
  m_RootOrder: 1
  m_LocalEulerAnglesHint: {x: 0, y: 0, z: 0}
--- !u!114 &7984379618006390931
MonoBehaviour:
  m_ObjectHideFlags: 0
  m_CorrespondingSourceObject: {fileID: 0}
  m_PrefabInstance: {fileID: 0}
  m_PrefabAsset: {fileID: 0}
  m_GameObject: {fileID: 7984379618006390930}
  m_Enabled: 1
  m_EditorHideFlags: 0
  m_Script: {fileID: 11500000, guid: 598e68924c9f6324bbfd049d3bae754c, type: 3}
  m_Name: 
  m_EditorClassIdentifier: 
  editorDrawPivot: 1
  editorPathColor: {r: 1, g: 1, b: 1, a: 1}
  editorAlwaysDraw: 0
  editorDrawThickness: 0
  editorBillboardThickness: 1
  isNewlyCreated: 0
  editorUpdateMode: 0
  multithreaded: 0
  updateMode: 0
  triggerGroups: []
  _spline:
    points:
    - _type: 0
      position: {x: 0, y: 13.5, z: 0}
      color: {r: 1, g: 1, b: 1, a: 1}
      normal: {x: 0, y: 1, z: 0}
      size: 1
      tangent: {x: -0.077681065, y: 13.5, z: 0}
      tangent2: {x: 0.077681065, y: 13.5, z: 0}
    - _type: 0
      position: {x: 0, y: 13.5, z: 0}
      color: {r: 1, g: 1, b: 1, a: 1}
      normal: {x: 1, y: 0, z: 0}
      size: 1
      tangent: {x: 0, y: 13.5, z: 0}
      tangent2: {x: 0, y: 13.5, z: 0}
    - _type: 0
      position: {x: 0, y: 13, z: 0}
      color: {r: 1, g: 1, b: 1, a: 1}
      normal: {x: -0.0000016689303, y: 1.0000002, z: 0.00000007965127}
      size: 1
      tangent: {x: 0, y: 13, z: 0}
      tangent2: {x: 0, y: 13, z: 0}
    type: 3
    linearAverageDirection: 1
    customValueInterpolation:
      serializedVersion: 2
      m_Curve: []
      m_PreInfinity: 2
      m_PostInfinity: 2
      m_RotationOrder: 4
    customNormalInterpolation:
      serializedVersion: 2
      m_Curve: []
      m_PreInfinity: 2
      m_PostInfinity: 2
      m_RotationOrder: 4
    sampleRate: 10
    closed: 1
    _knotParametrization: 0
  _originalSamplePercents: []
  _is2D: 0
  hasSamples: 1
  _optimizeAngleThreshold: 0.5
  _space: 0
  _sampleMode: 0
  _subscribers:
  - {fileID: 7984379618006391021}
  _rawSamples:
  - position: {x: 0, y: 13.5, z: 0}
    up: {x: 0, y: 1, z: 0}
    forward: {x: 0, y: 1, z: 0}
    color: {r: 1, g: 1, b: 1, a: 1}
    size: 1
    percent: 0
  - position: {x: 0, y: 13.5, z: 0}
    up: {x: 1, y: 0, z: 0}
    forward: {x: 0, y: -1, z: 0}
    color: {r: 1, g: 1, b: 1, a: 1}
    size: 1
    percent: 0.3333333333333333
  - position: {x: 0, y: 13, z: 0}
    up: {x: -0.0000016689303, y: 1.0000002, z: 0.00000007965127}
    forward: {x: 0, y: 0.00000004371139, z: -1}
    color: {r: 1, g: 1, b: 1, a: 1}
    size: 1
    percent: 0.6666666666666666
  - position: {x: 0, y: 13.5, z: 0}
    up: {x: 0, y: 1, z: 0}
    forward: {x: 0, y: 1, z: 0}
    color: {r: 1, g: 1, b: 1, a: 1}
    size: 1
    percent: 1
  _nodes:
  - node: {fileID: 7984379618051203305}
    pointIndex: 0
  - node: {fileID: 7984379617596276146}
    pointIndex: 1
  - node: {fileID: 7984379618563701391}
    pointIndex: 2
--- !u!33 &7984379618006391023
MeshFilter:
  m_ObjectHideFlags: 0
  m_CorrespondingSourceObject: {fileID: 0}
  m_PrefabInstance: {fileID: 0}
  m_PrefabAsset: {fileID: 0}
  m_GameObject: {fileID: 7984379618006390930}
  m_Mesh: {fileID: 0}
--- !u!23 &7984379618006391022
MeshRenderer:
  m_ObjectHideFlags: 0
  m_CorrespondingSourceObject: {fileID: 0}
  m_PrefabInstance: {fileID: 0}
  m_PrefabAsset: {fileID: 0}
  m_GameObject: {fileID: 7984379618006390930}
  m_Enabled: 1
  m_CastShadows: 1
  m_ReceiveShadows: 1
  m_DynamicOccludee: 1
  m_MotionVectors: 1
  m_LightProbeUsage: 1
  m_ReflectionProbeUsage: 1
  m_RayTracingMode: 2
  m_RayTraceProcedural: 0
  m_RenderingLayerMask: 1
  m_RendererPriority: 0
  m_Materials:
  - {fileID: 2100000, guid: 57b445eb3f98c2742bc9136625bd0fc4, type: 2}
  m_StaticBatchInfo:
    firstSubMesh: 0
    subMeshCount: 0
  m_StaticBatchRoot: {fileID: 0}
  m_ProbeAnchor: {fileID: 0}
  m_LightProbeVolumeOverride: {fileID: 0}
  m_ScaleInLightmap: 1
  m_ReceiveGI: 1
  m_PreserveUVs: 0
  m_IgnoreNormalsForChartDetection: 0
  m_ImportantGI: 0
  m_StitchLightmapSeams: 1
  m_SelectedEditorRenderState: 3
  m_MinimumChartSize: 4
  m_AutoUVMaxDistance: 0.5
  m_AutoUVMaxAngle: 89
  m_LightmapParameters: {fileID: 0}
  m_SortingLayerID: 0
  m_SortingLayer: 0
  m_SortingOrder: 0
  m_AdditionalVertexStreams: {fileID: 0}
--- !u!114 &7984379618006391021
MonoBehaviour:
  m_ObjectHideFlags: 0
  m_CorrespondingSourceObject: {fileID: 0}
  m_PrefabInstance: {fileID: 0}
  m_PrefabAsset: {fileID: 0}
  m_GameObject: {fileID: 7984379618006390930}
  m_Enabled: 1
  m_EditorHideFlags: 0
  m_Script: {fileID: 11500000, guid: ff5f5220af00e574287547dab664b9ab, type: 3}
  m_Name: 
  m_EditorClassIdentifier: 
  updateMethod: 0
  _spline: {fileID: 7984379618006390931}
  _autoUpdate: 1
  _rotationModifier:
    blend: 1
    useClippedPercent: 0
    keys: []
  _offsetModifier:
    blend: 1
    useClippedPercent: 0
    keys: []
  _colorModifier:
    blend: 1
    useClippedPercent: 0
    keys: []
  _sizeModifier:
    blend: 1
    useClippedPercent: 0
    keys: []
  _clipFromSample:
    position: {x: 0, y: 13.5, z: 0}
    up: {x: 0, y: 1, z: 0}
    forward: {x: 0, y: 1, z: 0}
    color: {r: 1, g: 1, b: 1, a: 1}
    size: 1
    percent: 0
  _clipToSample:
    position: {x: 0, y: 13.5, z: 0}
    up: {x: 0, y: 1, z: 0}
    forward: {x: 0, y: 1, z: 0}
    color: {r: 1, g: 1, b: 1, a: 1}
    size: 1
    percent: 1
  _loopSamples: 0
  _clipFrom: 0
  _clipTo: 1
  animClipFrom: 0
  animClipTo: 1
  multithreaded: 0
  buildOnAwake: 1
  buildOnEnable: 0
  _baked: 0
  _markDynamic: 1
  _size: 1
  _color: {r: 1, g: 1, b: 1, a: 1}
  _offset: {x: 0, y: 0, z: 0}
  _normalMethod: 0
  _calculateTangents: 1
  _useSplineSize: 1
  _useSplineColor: 1
  _rotation: 0
  _flipFaces: 0
  _doubleSided: 1
  _uvMode: 0
  _uvScale: {x: 1, y: 1}
  _uvOffset: {x: 0, y: 0}
  _uvRotation: 0
  _meshIndexFormat: 0
  _bakedMesh: {fileID: 0}
  colliderUpdateRate: 0.2
  _expand: 0
  _extrude: 0.075
  _sideUvScale: {x: 1, y: 1}
  _sideUvOffset: {x: 0, y: 0}
  _sideUvRotation: 0
  _extrudeSpline: {fileID: 0}
  _extrudeOffset: {x: 0, y: 0, z: 0}
  extrudeResults: []
  identityVertices: []
  identityNormals: []
  projectedVerts:
  - {x: 0.000000004967063, y: 0.07453563}
  - {x: 0.000000004967063, y: 0.07453563}
  - {x: -0.000000009934098, y: -0.14907083}
  surfaceTris: 
  wallTris: 000000000100000004000000010000000500000004000000010000000200000005000000020000000600000005000000020000000300000006000000030000000700000006000000
  _extrudeFrom: 0
  _extrudeTo: 1
  _uniformUvs: 0
--- !u!64 &481728163041400013
MeshCollider:
  m_ObjectHideFlags: 0
  m_CorrespondingSourceObject: {fileID: 0}
  m_PrefabInstance: {fileID: 0}
  m_PrefabAsset: {fileID: 0}
  m_GameObject: {fileID: 7984379618006390930}
  m_Material: {fileID: 0}
  m_IsTrigger: 0
  m_Enabled: 1
  serializedVersion: 4
  m_Convex: 0
  m_CookingOptions: 30
  m_Mesh: {fileID: 0}
--- !u!114 &2989454165326488166
MonoBehaviour:
  m_ObjectHideFlags: 0
  m_CorrespondingSourceObject: {fileID: 0}
  m_PrefabInstance: {fileID: 0}
  m_PrefabAsset: {fileID: 0}
  m_GameObject: {fileID: 7984379618006390930}
  m_Enabled: 0
  m_EditorHideFlags: 0
  m_Script: {fileID: 11500000, guid: 38c80816d5648374bbfe926339b82a04, type: 3}
  m_Name: 
  m_EditorClassIdentifier: 
  wireframeMaterial: {fileID: 2100000, guid: a76b16d4020749944b33340ad612b423, type: 2}
--- !u!1 &7984379618021683914
GameObject:
  m_ObjectHideFlags: 0
  m_CorrespondingSourceObject: {fileID: 0}
  m_PrefabInstance: {fileID: 0}
  m_PrefabAsset: {fileID: 0}
  serializedVersion: 6
  m_Component:
  - component: {fileID: 7984379618021683908}
  - component: {fileID: 7984379618021683915}
  m_Layer: 11
  m_Name: UHTBase3
  m_TagString: Untagged
  m_Icon: {fileID: 0}
  m_NavMeshLayer: 0
  m_StaticEditorFlags: 0
  m_IsActive: 1
--- !u!4 &7984379618021683908
Transform:
  m_ObjectHideFlags: 0
  m_CorrespondingSourceObject: {fileID: 0}
  m_PrefabInstance: {fileID: 0}
  m_PrefabAsset: {fileID: 0}
  m_GameObject: {fileID: 7984379618021683914}
  m_LocalRotation: {x: 0, y: 0, z: 0, w: 1}
  m_LocalPosition: {x: 0, y: 13.5, z: 0}
  m_LocalScale: {x: 1, y: 1, z: 1}
  m_Children: []
  m_Father: {fileID: 7984379619079576673}
  m_RootOrder: 4
  m_LocalEulerAnglesHint: {x: 0, y: 0, z: 0}
--- !u!114 &7984379618021683915
MonoBehaviour:
  m_ObjectHideFlags: 0
  m_CorrespondingSourceObject: {fileID: 0}
  m_PrefabInstance: {fileID: 0}
  m_PrefabAsset: {fileID: 0}
  m_GameObject: {fileID: 7984379618021683914}
  m_Enabled: 1
  m_EditorHideFlags: 0
  m_Script: {fileID: 11500000, guid: a212c074803b6824cae48ffa7abb84cf, type: 3}
  m_Name: 
  m_EditorClassIdentifier: 
  type: 0
  connections:
  - invertTangents: 0
    _pointIndex: 0
    _computer: {fileID: 7984379619285119861}
    point:
      _type: 0
      position: {x: 0, y: 0, z: 0}
      color: {r: 1, g: 1, b: 1, a: 1}
      normal: {x: 0, y: 1, z: 0}
      size: 1
      tangent: {x: 0, y: 0, z: 0}
      tangent2: {x: 0, y: 0, z: 0}
  - invertTangents: 0
    _pointIndex: 1
    _computer: {fileID: 7984379617462353115}
    point:
      _type: 0
      position: {x: 0, y: 0, z: 0}
      color: {r: 1, g: 1, b: 1, a: 1}
      normal: {x: 0, y: 1, z: 0}
      size: 1
      tangent: {x: 0, y: 0, z: 0}
      tangent2: {x: 0, y: 0, z: 0}
  _transformSize: 1
  _transformNormals: 1
  _transformTangents: 1
--- !u!1 &7984379618051203304
GameObject:
  m_ObjectHideFlags: 0
  m_CorrespondingSourceObject: {fileID: 0}
  m_PrefabInstance: {fileID: 0}
  m_PrefabAsset: {fileID: 0}
  serializedVersion: 6
  m_Component:
  - component: {fileID: 7984379618051203306}
  - component: {fileID: 7984379618051203305}
  m_Layer: 11
  m_Name: UHTBase4
  m_TagString: Untagged
  m_Icon: {fileID: 0}
  m_NavMeshLayer: 0
  m_StaticEditorFlags: 0
  m_IsActive: 1
--- !u!4 &7984379618051203306
Transform:
  m_ObjectHideFlags: 0
  m_CorrespondingSourceObject: {fileID: 0}
  m_PrefabInstance: {fileID: 0}
  m_PrefabAsset: {fileID: 0}
  m_GameObject: {fileID: 7984379618051203304}
  m_LocalRotation: {x: 0, y: 0, z: 0, w: 1}
  m_LocalPosition: {x: 0, y: 13.5, z: 0}
  m_LocalScale: {x: 1, y: 1, z: 1}
  m_Children: []
  m_Father: {fileID: 7984379619079576673}
  m_RootOrder: 5
  m_LocalEulerAnglesHint: {x: 0, y: 0, z: 0}
--- !u!114 &7984379618051203305
MonoBehaviour:
  m_ObjectHideFlags: 0
  m_CorrespondingSourceObject: {fileID: 0}
  m_PrefabInstance: {fileID: 0}
  m_PrefabAsset: {fileID: 0}
  m_GameObject: {fileID: 7984379618051203304}
  m_Enabled: 1
  m_EditorHideFlags: 0
  m_Script: {fileID: 11500000, guid: a212c074803b6824cae48ffa7abb84cf, type: 3}
  m_Name: 
  m_EditorClassIdentifier: 
  type: 0
  connections:
  - invertTangents: 0
    _pointIndex: 1
    _computer: {fileID: 7984379619285119861}
    point:
      _type: 0
      position: {x: 0, y: 0, z: 0}
      color: {r: 1, g: 1, b: 1, a: 1}
      normal: {x: 0, y: 1, z: 0}
      size: 1
      tangent: {x: -0.077681065, y: 0, z: 0}
      tangent2: {x: 0.077681065, y: 0, z: 0}
  - invertTangents: 0
    _pointIndex: 0
    _computer: {fileID: 7984379618006390931}
    point:
      _type: 0
      position: {x: 0, y: 0, z: 0}
      color: {r: 1, g: 1, b: 1, a: 1}
      normal: {x: 0, y: 1, z: 0}
      size: 1
      tangent: {x: -0.077681065, y: 0, z: 0}
      tangent2: {x: 0.077681065, y: 0, z: 0}
  _transformSize: 1
  _transformNormals: 1
  _transformTangents: 1
--- !u!1 &7984379618286117462
GameObject:
  m_ObjectHideFlags: 0
  m_CorrespondingSourceObject: {fileID: 0}
  m_PrefabInstance: {fileID: 0}
  m_PrefabAsset: {fileID: 0}
  serializedVersion: 6
  m_Component:
  - component: {fileID: 7984379618286117456}
  - component: {fileID: 7984379618286117463}
  m_Layer: 11
  m_Name: UHTBaseTop1
  m_TagString: Untagged
  m_Icon: {fileID: 0}
  m_NavMeshLayer: 0
  m_StaticEditorFlags: 0
  m_IsActive: 1
--- !u!4 &7984379618286117456
Transform:
  m_ObjectHideFlags: 0
  m_CorrespondingSourceObject: {fileID: 0}
  m_PrefabInstance: {fileID: 0}
  m_PrefabAsset: {fileID: 0}
  m_GameObject: {fileID: 7984379618286117462}
  m_LocalRotation: {x: 0, y: 0, z: 0, w: 1}
  m_LocalPosition: {x: 0, y: 13.5, z: 0}
  m_LocalScale: {x: 1, y: 1, z: 1}
  m_Children: []
  m_Father: {fileID: 7984379619079576673}
  m_RootOrder: 2
  m_LocalEulerAnglesHint: {x: 0, y: 0, z: 0}
--- !u!114 &7984379618286117463
MonoBehaviour:
  m_ObjectHideFlags: 0
  m_CorrespondingSourceObject: {fileID: 0}
  m_PrefabInstance: {fileID: 0}
  m_PrefabAsset: {fileID: 0}
  m_GameObject: {fileID: 7984379618286117462}
  m_Enabled: 1
  m_EditorHideFlags: 0
  m_Script: {fileID: 11500000, guid: a212c074803b6824cae48ffa7abb84cf, type: 3}
  m_Name: 
  m_EditorClassIdentifier: 
  type: 0
  connections:
  - invertTangents: 0
    _pointIndex: 2
    _computer: {fileID: 7984379619285119861}
    point:
      _type: 0
      position: {x: 0, y: 0, z: 0}
      color: {r: 1, g: 1, b: 1, a: 1}
      normal: {x: 0, y: 1, z: 0}
      size: 1
      tangent: {x: 0.07156992, y: 0, z: -0.17054653}
      tangent2: {x: -0.07156992, y: 0, z: 0.1705457}
  - invertTangents: 0
    _pointIndex: 3
    _computer: {fileID: 7984379619503954865}
    point:
      _type: 0
      position: {x: 0, y: 0, z: 0}
      color: {r: 1, g: 1, b: 1, a: 1}
      normal: {x: 0, y: 1, z: 0}
      size: 1
      tangent: {x: 0.07156992, y: 0, z: -0.17054653}
      tangent2: {x: -0.07156992, y: 0, z: 0.1705457}
  - invertTangents: 0
    _pointIndex: 0
    _computer: {fileID: 7984379619299954194}
    point:
      _type: 0
      position: {x: 0, y: 0, z: 0}
      color: {r: 1, g: 1, b: 1, a: 1}
      normal: {x: 0, y: 1, z: 0}
      size: 1
      tangent: {x: 0.07156992, y: 0, z: -0.17054653}
      tangent2: {x: -0.07156992, y: 0, z: 0.1705457}
  _transformSize: 1
  _transformNormals: 1
  _transformTangents: 1
--- !u!1 &7984379618418831333
GameObject:
  m_ObjectHideFlags: 0
  m_CorrespondingSourceObject: {fileID: 0}
  m_PrefabInstance: {fileID: 0}
  m_PrefabAsset: {fileID: 0}
  serializedVersion: 6
  m_Component:
  - component: {fileID: 7984379618418831334}
  - component: {fileID: 7984379618418831330}
  - component: {fileID: 7984379618418831329}
  - component: {fileID: 7984379618418831328}
  - component: {fileID: 7984379618418831335}
  - component: {fileID: 4675433599902770361}
  - component: {fileID: 7591082789617672597}
  m_Layer: 11
  m_Name: BigWingLeft
  m_TagString: Untagged
  m_Icon: {fileID: 0}
  m_NavMeshLayer: 0
  m_StaticEditorFlags: 0
  m_IsActive: 1
--- !u!4 &7984379618418831334
Transform:
  m_ObjectHideFlags: 0
  m_CorrespondingSourceObject: {fileID: 0}
  m_PrefabInstance: {fileID: 0}
  m_PrefabAsset: {fileID: 0}
  m_GameObject: {fileID: 7984379618418831333}
  m_LocalRotation: {x: -0, y: -0, z: -0, w: 1}
  m_LocalPosition: {x: 0, y: 0, z: 0}
  m_LocalScale: {x: 1, y: 1, z: 1}
  m_Children: []
  m_Father: {fileID: 7984379619285119862}
  m_RootOrder: 4
  m_LocalEulerAnglesHint: {x: 0, y: 0, z: 0}
--- !u!114 &7984379618418831330
MonoBehaviour:
  m_ObjectHideFlags: 0
  m_CorrespondingSourceObject: {fileID: 0}
  m_PrefabInstance: {fileID: 0}
  m_PrefabAsset: {fileID: 0}
  m_GameObject: {fileID: 7984379618418831333}
  m_Enabled: 1
  m_EditorHideFlags: 0
  m_Script: {fileID: 11500000, guid: 598e68924c9f6324bbfd049d3bae754c, type: 3}
  m_Name: 
  m_EditorClassIdentifier: 
  editorDrawPivot: 1
  editorPathColor: {r: 1, g: 1, b: 1, a: 1}
  editorAlwaysDraw: 0
  editorDrawThickness: 0
  editorBillboardThickness: 1
  isNewlyCreated: 0
  editorUpdateMode: 0
  multithreaded: 0
  updateMode: 0
  triggerGroups: []
  _spline:
    points:
    - _type: 0
      position: {x: 0, y: 13.5, z: 0}
      color: {r: 1, g: 1, b: 1, a: 1}
      normal: {x: 0, y: 1, z: 0}
      size: 1
      tangent: {x: -0.12517786, y: 13.5, z: -0.09408569}
      tangent2: {x: 0.12517834, y: 13.5, z: 0.09408569}
    - _type: 0
      position: {x: 0, y: 13.5, z: 0}
      color: {r: 1, g: 1, b: 1, a: 1}
      normal: {x: 1, y: 0, z: 0}
      size: 1
      tangent: {x: -0.039584637, y: 13.5, z: 0.039584637}
      tangent2: {x: 0.039584637, y: 13.5, z: -0.039584637}
    - _type: 0
      position: {x: 0, y: 13, z: 0}
      color: {r: 1, g: 1, b: 1, a: 1}
      normal: {x: 1, y: 0, z: 0}
      size: 1
      tangent: {x: 0, y: 13, z: 0}
      tangent2: {x: 0, y: 13, z: 0}
    type: 3
    linearAverageDirection: 1
    customValueInterpolation:
      serializedVersion: 2
      m_Curve: []
      m_PreInfinity: 2
      m_PostInfinity: 2
      m_RotationOrder: 4
    customNormalInterpolation:
      serializedVersion: 2
      m_Curve: []
      m_PreInfinity: 2
      m_PostInfinity: 2
      m_RotationOrder: 4
    sampleRate: 10
    closed: 1
    _knotParametrization: 0
  _originalSamplePercents: []
  _is2D: 0
  hasSamples: 1
  _optimizeAngleThreshold: 0.5
  _space: 0
  _sampleMode: 0
  _subscribers:
  - {fileID: 7984379618418831335}
  _rawSamples:
  - position: {x: 0, y: 13.5, z: 0}
    up: {x: 0, y: 1, z: 0}
    forward: {x: 0, y: 1, z: 0}
    color: {r: 1, g: 1, b: 1, a: 1}
    size: 1
    percent: 0
  - position: {x: 0, y: 13.5, z: 0}
    up: {x: 1, y: 0, z: 0}
    forward: {x: 0, y: -1, z: 0}
    color: {r: 1, g: 1, b: 1, a: 1}
    size: 1
    percent: 0.3333333333333333
  - position: {x: 0, y: 13, z: 0}
    up: {x: 1, y: 0, z: 0}
    forward: {x: 0, y: 0.00000004371139, z: -1}
    color: {r: 1, g: 1, b: 1, a: 1}
    size: 1
    percent: 0.6666666666666666
  - position: {x: 0, y: 13.5, z: 0}
    up: {x: -0.00000004371139, y: 1, z: 0}
    forward: {x: 0, y: 1, z: 0}
    color: {r: 1, g: 1, b: 1, a: 1}
    size: 1
    percent: 1
  _nodes:
  - node: {fileID: 7984379617908369103}
    pointIndex: 0
  - node: {fileID: 7984379618817315722}
    pointIndex: 1
  - node: {fileID: 7984379619142712962}
    pointIndex: 2
--- !u!33 &7984379618418831329
MeshFilter:
  m_ObjectHideFlags: 0
  m_CorrespondingSourceObject: {fileID: 0}
  m_PrefabInstance: {fileID: 0}
  m_PrefabAsset: {fileID: 0}
  m_GameObject: {fileID: 7984379618418831333}
  m_Mesh: {fileID: 0}
--- !u!23 &7984379618418831328
MeshRenderer:
  m_ObjectHideFlags: 0
  m_CorrespondingSourceObject: {fileID: 0}
  m_PrefabInstance: {fileID: 0}
  m_PrefabAsset: {fileID: 0}
  m_GameObject: {fileID: 7984379618418831333}
  m_Enabled: 1
  m_CastShadows: 1
  m_ReceiveShadows: 1
  m_DynamicOccludee: 1
  m_MotionVectors: 1
  m_LightProbeUsage: 1
  m_ReflectionProbeUsage: 1
  m_RayTracingMode: 2
  m_RayTraceProcedural: 0
  m_RenderingLayerMask: 1
  m_RendererPriority: 0
  m_Materials:
  - {fileID: 2100000, guid: 57b445eb3f98c2742bc9136625bd0fc4, type: 2}
  m_StaticBatchInfo:
    firstSubMesh: 0
    subMeshCount: 0
  m_StaticBatchRoot: {fileID: 0}
  m_ProbeAnchor: {fileID: 0}
  m_LightProbeVolumeOverride: {fileID: 0}
  m_ScaleInLightmap: 1
  m_ReceiveGI: 1
  m_PreserveUVs: 0
  m_IgnoreNormalsForChartDetection: 0
  m_ImportantGI: 0
  m_StitchLightmapSeams: 1
  m_SelectedEditorRenderState: 3
  m_MinimumChartSize: 4
  m_AutoUVMaxDistance: 0.5
  m_AutoUVMaxAngle: 89
  m_LightmapParameters: {fileID: 0}
  m_SortingLayerID: 0
  m_SortingLayer: 0
  m_SortingOrder: 0
  m_AdditionalVertexStreams: {fileID: 0}
--- !u!114 &7984379618418831335
MonoBehaviour:
  m_ObjectHideFlags: 0
  m_CorrespondingSourceObject: {fileID: 0}
  m_PrefabInstance: {fileID: 0}
  m_PrefabAsset: {fileID: 0}
  m_GameObject: {fileID: 7984379618418831333}
  m_Enabled: 1
  m_EditorHideFlags: 0
  m_Script: {fileID: 11500000, guid: ff5f5220af00e574287547dab664b9ab, type: 3}
  m_Name: 
  m_EditorClassIdentifier: 
  updateMethod: 0
  _spline: {fileID: 7984379618418831330}
  _autoUpdate: 1
  _rotationModifier:
    blend: 1
    useClippedPercent: 0
    keys: []
  _offsetModifier:
    blend: 1
    useClippedPercent: 0
    keys: []
  _colorModifier:
    blend: 1
    useClippedPercent: 0
    keys: []
  _sizeModifier:
    blend: 1
    useClippedPercent: 0
    keys: []
  _clipFromSample:
    position: {x: 0, y: 13.5, z: 0}
    up: {x: 0, y: 1, z: 0}
    forward: {x: 0, y: 1, z: 0}
    color: {r: 1, g: 1, b: 1, a: 1}
    size: 1
    percent: 0
  _clipToSample:
    position: {x: 0, y: 13.5, z: 0}
    up: {x: -0.00000004371139, y: 1, z: 0}
    forward: {x: 0, y: 1, z: 0}
    color: {r: 1, g: 1, b: 1, a: 1}
    size: 1
    percent: 1
  _loopSamples: 0
  _clipFrom: 0
  _clipTo: 1
  animClipFrom: 0
  animClipTo: 1
  multithreaded: 0
  buildOnAwake: 1
  buildOnEnable: 0
  _baked: 0
  _markDynamic: 1
  _size: 1
  _color: {r: 1, g: 1, b: 1, a: 1}
  _offset: {x: 0, y: 0, z: 0}
  _normalMethod: 0
  _calculateTangents: 1
  _useSplineSize: 1
  _useSplineColor: 1
  _rotation: 0
  _flipFaces: 0
  _doubleSided: 1
  _uvMode: 0
  _uvScale: {x: 1, y: 1}
  _uvOffset: {x: 0, y: 0}
  _uvRotation: 0
  _meshIndexFormat: 0
  _bakedMesh: {fileID: 0}
  colliderUpdateRate: 0.2
  _expand: 0
  _extrude: -0.15
  _sideUvScale: {x: 1, y: 1}
  _sideUvOffset: {x: 0, y: 0}
  _sideUvRotation: 0
  _extrudeSpline: {fileID: 0}
  _extrudeOffset: {x: 0, y: 0, z: 0}
  extrudeResults: []
  identityVertices: []
  identityNormals: []
  projectedVerts:
  - {x: 0.0000000024835316, y: 0.14907148}
  - {x: 0.0000000024835316, y: 0.14907148}
  - {x: -0.000000004967049, y: -0.2981421}
  surfaceTris: 
  wallTris: 040000000100000000000000040000000500000001000000050000000200000001000000050000000600000002000000060000000300000002000000060000000700000003000000
  _extrudeFrom: 0
  _extrudeTo: 1
  _uniformUvs: 0
--- !u!64 &4675433599902770361
MeshCollider:
  m_ObjectHideFlags: 0
  m_CorrespondingSourceObject: {fileID: 0}
  m_PrefabInstance: {fileID: 0}
  m_PrefabAsset: {fileID: 0}
  m_GameObject: {fileID: 7984379618418831333}
  m_Material: {fileID: 0}
  m_IsTrigger: 0
  m_Enabled: 1
  serializedVersion: 4
  m_Convex: 0
  m_CookingOptions: 30
  m_Mesh: {fileID: 0}
--- !u!114 &7591082789617672597
MonoBehaviour:
  m_ObjectHideFlags: 0
  m_CorrespondingSourceObject: {fileID: 0}
  m_PrefabInstance: {fileID: 0}
  m_PrefabAsset: {fileID: 0}
  m_GameObject: {fileID: 7984379618418831333}
  m_Enabled: 0
  m_EditorHideFlags: 0
  m_Script: {fileID: 11500000, guid: 38c80816d5648374bbfe926339b82a04, type: 3}
  m_Name: 
  m_EditorClassIdentifier: 
  wireframeMaterial: {fileID: 2100000, guid: a76b16d4020749944b33340ad612b423, type: 2}
--- !u!1 &7984379618563701390
GameObject:
  m_ObjectHideFlags: 0
  m_CorrespondingSourceObject: {fileID: 0}
  m_PrefabInstance: {fileID: 0}
  m_PrefabAsset: {fileID: 0}
  serializedVersion: 6
  m_Component:
  - component: {fileID: 7984379618563701384}
  - component: {fileID: 7984379618563701391}
  m_Layer: 11
  m_Name: SmallwingRight
  m_TagString: Untagged
  m_Icon: {fileID: 0}
  m_NavMeshLayer: 0
  m_StaticEditorFlags: 0
  m_IsActive: 1
--- !u!4 &7984379618563701384
Transform:
  m_ObjectHideFlags: 0
  m_CorrespondingSourceObject: {fileID: 0}
  m_PrefabInstance: {fileID: 0}
  m_PrefabAsset: {fileID: 0}
  m_GameObject: {fileID: 7984379618563701390}
  m_LocalRotation: {x: 0, y: 0, z: 0, w: 1}
  m_LocalPosition: {x: 0, y: 13, z: 0}
  m_LocalScale: {x: 1, y: 1, z: 1}
  m_Children: []
  m_Father: {fileID: 7984379619079576673}
  m_RootOrder: 1
  m_LocalEulerAnglesHint: {x: 0, y: 0, z: 0}
--- !u!114 &7984379618563701391
MonoBehaviour:
  m_ObjectHideFlags: 0
  m_CorrespondingSourceObject: {fileID: 0}
  m_PrefabInstance: {fileID: 0}
  m_PrefabAsset: {fileID: 0}
  m_GameObject: {fileID: 7984379618563701390}
  m_Enabled: 1
  m_EditorHideFlags: 0
  m_Script: {fileID: 11500000, guid: a212c074803b6824cae48ffa7abb84cf, type: 3}
  m_Name: 
  m_EditorClassIdentifier: 
  type: 0
  connections:
  - invertTangents: 0
    _pointIndex: 2
    _computer: {fileID: 7984379618006390931}
    point:
      _type: 0
      position: {x: 0, y: 0, z: 0}
      color: {r: 1, g: 1, b: 1, a: 1}
      normal: {x: -0.0000016689303, y: 1.0000002, z: 0.00000007965127}
      size: 1
      tangent: {x: 0, y: 0, z: 0}
      tangent2: {x: 0, y: 0, z: 0}
  - invertTangents: 0
    _pointIndex: 2
    _computer: {fileID: 7984379619299954194}
    point:
      _type: 0
      position: {x: 0, y: 0, z: 0}
      color: {r: 1, g: 1, b: 1, a: 1}
      normal: {x: -0.0000016689303, y: 1.0000002, z: 0.00000007965127}
      size: 1
      tangent: {x: 0, y: 0, z: 0}
      tangent2: {x: 0, y: 0, z: 0}
  _transformSize: 1
  _transformNormals: 1
  _transformTangents: 1
--- !u!1 &7984379618817315721
GameObject:
  m_ObjectHideFlags: 0
  m_CorrespondingSourceObject: {fileID: 0}
  m_PrefabInstance: {fileID: 0}
  m_PrefabAsset: {fileID: 0}
  serializedVersion: 6
  m_Component:
  - component: {fileID: 7984379618817315723}
  - component: {fileID: 7984379618817315722}
  m_Layer: 11
  m_Name: UHTTop2
  m_TagString: Untagged
  m_Icon: {fileID: 0}
  m_NavMeshLayer: 0
  m_StaticEditorFlags: 0
  m_IsActive: 1
--- !u!4 &7984379618817315723
Transform:
  m_ObjectHideFlags: 0
  m_CorrespondingSourceObject: {fileID: 0}
  m_PrefabInstance: {fileID: 0}
  m_PrefabAsset: {fileID: 0}
  m_GameObject: {fileID: 7984379618817315721}
  m_LocalRotation: {x: 0, y: 0, z: 0, w: 1}
  m_LocalPosition: {x: 0, y: 13.5, z: 0}
  m_LocalScale: {x: 1, y: 1, z: 1}
  m_Children: []
  m_Father: {fileID: 7984379619079576673}
  m_RootOrder: 7
  m_LocalEulerAnglesHint: {x: 0, y: 0, z: 0}
--- !u!114 &7984379618817315722
MonoBehaviour:
  m_ObjectHideFlags: 0
  m_CorrespondingSourceObject: {fileID: 0}
  m_PrefabInstance: {fileID: 0}
  m_PrefabAsset: {fileID: 0}
  m_GameObject: {fileID: 7984379618817315721}
  m_Enabled: 1
  m_EditorHideFlags: 0
  m_Script: {fileID: 11500000, guid: a212c074803b6824cae48ffa7abb84cf, type: 3}
  m_Name: 
  m_EditorClassIdentifier: 
  type: 0
  connections:
  - invertTangents: 0
    _pointIndex: 1
    _computer: {fileID: 7984379619503954865}
    point:
      _type: 0
      position: {x: 0, y: 0, z: 0}
      color: {r: 1, g: 1, b: 1, a: 1}
      normal: {x: 1, y: 0, z: 0}
      size: 1
      tangent: {x: -0.039584637, y: 0, z: 0.039584637}
      tangent2: {x: 0.039584637, y: 0, z: -0.039584637}
  - invertTangents: 0
    _pointIndex: 0
    _computer: {fileID: 7984379617462353115}
    point:
      _type: 0
      position: {x: 0, y: 0, z: 0}
      color: {r: 1, g: 1, b: 1, a: 1}
      normal: {x: 1, y: 0, z: 0}
      size: 1
      tangent: {x: -0.039584637, y: 0, z: 0.039584637}
      tangent2: {x: 0.039584637, y: 0, z: -0.039584637}
  - invertTangents: 0
    _pointIndex: 1
    _computer: {fileID: 7984379618418831330}
    point:
      _type: 0
      position: {x: 0, y: 0, z: 0}
      color: {r: 1, g: 1, b: 1, a: 1}
      normal: {x: 1, y: 0, z: 0}
      size: 1
      tangent: {x: -0.039584637, y: 0, z: 0.039584637}
      tangent2: {x: 0.039584637, y: 0, z: -0.039584637}
  _transformSize: 1
  _transformNormals: 1
  _transformTangents: 1
--- !u!1 &7984379619079576679
GameObject:
  m_ObjectHideFlags: 0
  m_CorrespondingSourceObject: {fileID: 0}
  m_PrefabInstance: {fileID: 0}
  m_PrefabAsset: {fileID: 0}
  serializedVersion: 6
  m_Component:
  - component: {fileID: 7984379619079576673}
  - component: {fileID: 7984379619079576672}
  m_Layer: 11
  m_Name: Connecter
  m_TagString: Untagged
  m_Icon: {fileID: 0}
  m_NavMeshLayer: 0
  m_StaticEditorFlags: 0
  m_IsActive: 1
--- !u!4 &7984379619079576673
Transform:
  m_ObjectHideFlags: 0
  m_CorrespondingSourceObject: {fileID: 0}
  m_PrefabInstance: {fileID: 0}
  m_PrefabAsset: {fileID: 0}
  m_GameObject: {fileID: 7984379619079576679}
  m_LocalRotation: {x: -0, y: -0, z: -0, w: 1}
  m_LocalPosition: {x: 0, y: 0, z: 0}
  m_LocalScale: {x: 1, y: 1, z: 1}
  m_Children:
  - {fileID: 7984379619142712963}
  - {fileID: 7984379618563701384}
  - {fileID: 7984379618286117456}
  - {fileID: 7984379617908369096}
  - {fileID: 7984379618021683908}
  - {fileID: 7984379618051203306}
  - {fileID: 7984379617596276147}
  - {fileID: 7984379618817315723}
  m_Father: {fileID: 5900295975235105236}
  m_RootOrder: 3
  m_LocalEulerAnglesHint: {x: 0, y: 0, z: 0}
--- !u!114 &7984379619079576672
MonoBehaviour:
  m_ObjectHideFlags: 0
  m_CorrespondingSourceObject: {fileID: 0}
  m_PrefabInstance: {fileID: 0}
  m_PrefabAsset: {fileID: 0}
  m_GameObject: {fileID: 7984379619079576679}
  m_Enabled: 1
  m_EditorHideFlags: 0
  m_Script: {fileID: 11500000, guid: e9150585556c1b94da27d8918cc9f454, type: 3}
  m_Name: 
  m_EditorClassIdentifier: 
  width: 3.7
  length: 5.1
  height: 11
  surfaceGenerator: {fileID: 7984379619285119860}
  highestPosition: {fileID: 7984379618286117462}
  showLid: 1
  allSide:
  - sideElement:
    - {fileID: 7984379618021683914}
    - {fileID: 7984379618051203304}
  - sideElement:
    - {fileID: 7984379618286117462}
    - {fileID: 7984379617908369102}
  - sideElement:
    - {fileID: 7984379617908369102}
    - {fileID: 7984379618817315721}
    - {fileID: 7984379618021683914}
    - {fileID: 7984379619142712961}
  - sideElement:
    - {fileID: 7984379617596276145}
    - {fileID: 7984379618286117462}
    - {fileID: 7984379618051203304}
    - {fileID: 7984379618563701390}
  - sideElement:
    - {fileID: 7984379619142712961}
    - {fileID: 7984379618563701390}
  startPoints: []
  originalPoints: []
--- !u!1 &7984379619142712961
GameObject:
  m_ObjectHideFlags: 0
  m_CorrespondingSourceObject: {fileID: 0}
  m_PrefabInstance: {fileID: 0}
  m_PrefabAsset: {fileID: 0}
  serializedVersion: 6
  m_Component:
  - component: {fileID: 7984379619142712963}
  - component: {fileID: 7984379619142712962}
  m_Layer: 11
  m_Name: smallwingLeft
  m_TagString: Untagged
  m_Icon: {fileID: 0}
  m_NavMeshLayer: 0
  m_StaticEditorFlags: 0
  m_IsActive: 1
--- !u!4 &7984379619142712963
Transform:
  m_ObjectHideFlags: 0
  m_CorrespondingSourceObject: {fileID: 0}
  m_PrefabInstance: {fileID: 0}
  m_PrefabAsset: {fileID: 0}
  m_GameObject: {fileID: 7984379619142712961}
  m_LocalRotation: {x: -0, y: -0, z: -0, w: 1}
  m_LocalPosition: {x: 0, y: 13, z: 0}
  m_LocalScale: {x: 1, y: 1, z: 1}
  m_Children: []
  m_Father: {fileID: 7984379619079576673}
  m_RootOrder: 0
  m_LocalEulerAnglesHint: {x: 0, y: 0, z: 0}
--- !u!114 &7984379619142712962
MonoBehaviour:
  m_ObjectHideFlags: 0
  m_CorrespondingSourceObject: {fileID: 0}
  m_PrefabInstance: {fileID: 0}
  m_PrefabAsset: {fileID: 0}
  m_GameObject: {fileID: 7984379619142712961}
  m_Enabled: 1
  m_EditorHideFlags: 0
  m_Script: {fileID: 11500000, guid: a212c074803b6824cae48ffa7abb84cf, type: 3}
  m_Name: 
  m_EditorClassIdentifier: 
  type: 0
  connections:
  - invertTangents: 0
    _pointIndex: 2
    _computer: {fileID: 7984379617462353115}
    point:
      _type: 0
      position: {x: 0, y: 0, z: 0}
      color: {r: 1, g: 1, b: 1, a: 1}
      normal: {x: 1, y: 0, z: 0}
      size: 1
      tangent: {x: 0, y: 0, z: 0}
      tangent2: {x: 0, y: 0, z: 0}
  - invertTangents: 0
    _pointIndex: 2
    _computer: {fileID: 7984379618418831330}
    point:
      _type: 0
      position: {x: 0, y: 0, z: 0}
      color: {r: 1, g: 1, b: 1, a: 1}
      normal: {x: 1, y: 0, z: 0}
      size: 1
      tangent: {x: 0, y: 0, z: 0}
      tangent2: {x: 0, y: 0, z: 0}
  _transformSize: 1
  _transformNormals: 1
  _transformTangents: 1
--- !u!1 &7984379619285119867
GameObject:
  m_ObjectHideFlags: 0
  m_CorrespondingSourceObject: {fileID: 0}
  m_PrefabInstance: {fileID: 0}
  m_PrefabAsset: {fileID: 0}
  serializedVersion: 6
  m_Component:
  - component: {fileID: 7984379619285119862}
  - component: {fileID: 7984379619285119861}
  - component: {fileID: 7984379619285119856}
  - component: {fileID: 7984379619285119863}
  - component: {fileID: 7984379619285119860}
  - component: {fileID: 5301959501004380692}
  - component: {fileID: 6940956497868602010}
  m_Layer: 11
  m_Name: UHTBase
  m_TagString: Untagged
  m_Icon: {fileID: 0}
  m_NavMeshLayer: 0
  m_StaticEditorFlags: 0
  m_IsActive: 1
--- !u!4 &7984379619285119862
Transform:
  m_ObjectHideFlags: 0
  m_CorrespondingSourceObject: {fileID: 0}
  m_PrefabInstance: {fileID: 0}
  m_PrefabAsset: {fileID: 0}
  m_GameObject: {fileID: 7984379619285119867}
  m_LocalRotation: {x: -0, y: -0, z: -0, w: 1}
  m_LocalPosition: {x: 0, y: 0, z: 0}
  m_LocalScale: {x: 1, y: 1, z: 1}
  m_Children:
  - {fileID: 7984379619503954829}
  - {fileID: 7984379618006391020}
  - {fileID: 7984379619299954286}
  - {fileID: 7984379617462353111}
  - {fileID: 7984379618418831334}
  m_Father: {fileID: 5900295975235105236}
  m_RootOrder: 0
  m_LocalEulerAnglesHint: {x: 0, y: 0, z: 0}
--- !u!114 &7984379619285119861
MonoBehaviour:
  m_ObjectHideFlags: 0
  m_CorrespondingSourceObject: {fileID: 0}
  m_PrefabInstance: {fileID: 0}
  m_PrefabAsset: {fileID: 0}
  m_GameObject: {fileID: 7984379619285119867}
  m_Enabled: 1
  m_EditorHideFlags: 0
  m_Script: {fileID: 11500000, guid: 598e68924c9f6324bbfd049d3bae754c, type: 3}
  m_Name: 
  m_EditorClassIdentifier: 
  editorDrawPivot: 1
  editorPathColor: {r: 1, g: 1, b: 1, a: 1}
  editorAlwaysDraw: 0
  editorDrawThickness: 0
  editorBillboardThickness: 1
  isNewlyCreated: 0
  editorUpdateMode: 0
  multithreaded: 0
  updateMode: 0
  triggerGroups: []
  _spline:
    points:
    - _type: 0
      position: {x: 0, y: 13.5, z: 0}
      color: {r: 1, g: 1, b: 1, a: 1}
      normal: {x: 0, y: 1, z: 0}
      size: 1
      tangent: {x: 0, y: 13.5, z: 0}
      tangent2: {x: 0, y: 13.5, z: 0}
    - _type: 0
      position: {x: 0, y: 13.5, z: 0}
      color: {r: 1, g: 1, b: 1, a: 1}
      normal: {x: 0, y: 1, z: 0}
      size: 1
      tangent: {x: -0.077681065, y: 13.5, z: 0}
      tangent2: {x: 0.077681065, y: 13.5, z: 0}
    - _type: 0
      position: {x: 0, y: 13.5, z: 0}
      color: {r: 1, g: 1, b: 1, a: 1}
      normal: {x: 0, y: 1, z: 0}
      size: 1
      tangent: {x: 0.07156992, y: 13.5, z: -0.17054653}
      tangent2: {x: -0.07156992, y: 13.5, z: 0.1705457}
    - _type: 0
      position: {x: 0, y: 13.5, z: 0}
      color: {r: 1, g: 1, b: 1, a: 1}
      normal: {x: 0, y: 1, z: 0}
      size: 1
      tangent: {x: -0.12517786, y: 13.5, z: -0.09408569}
      tangent2: {x: 0.12517834, y: 13.5, z: 0.09408569}
    type: 3
    linearAverageDirection: 1
    customValueInterpolation:
      serializedVersion: 2
      m_Curve: []
      m_PreInfinity: 2
      m_PostInfinity: 2
      m_RotationOrder: 4
    customNormalInterpolation:
      serializedVersion: 2
      m_Curve: []
      m_PreInfinity: 2
      m_PostInfinity: 2
      m_RotationOrder: 4
    sampleRate: 10
    closed: 1
    _knotParametrization: 0
  _originalSamplePercents: []
  _is2D: 0
  hasSamples: 1
  _optimizeAngleThreshold: 0.5
  _space: 0
  _sampleMode: 0
  _subscribers:
  - {fileID: 7984379619285119860}
  _rawSamples:
  - position: {x: 0, y: 13.5, z: 0}
    up: {x: 0, y: 1, z: 0}
    forward: {x: 0, y: 0, z: 0}
    color: {r: 1, g: 1, b: 1, a: 1}
    size: 1
    percent: 0
  - position: {x: 0, y: 13.5, z: 0}
    up: {x: 0, y: 1, z: 0}
    forward: {x: 0, y: 0, z: 0}
    color: {r: 1, g: 1, b: 1, a: 1}
    size: 1
    percent: 0.25
  - position: {x: 0, y: 13.5, z: 0}
    up: {x: 0, y: 1, z: 0}
    forward: {x: 0, y: 0, z: 0}
    color: {r: 1, g: 1, b: 1, a: 1}
    size: 1
    percent: 0.5
  - position: {x: 0, y: 13.5, z: 0}
    up: {x: 0, y: 1, z: 0}
    forward: {x: 0, y: 0, z: 0}
    color: {r: 1, g: 1, b: 1, a: 1}
    size: 1
    percent: 0.75
  - position: {x: 0, y: 13.5, z: 0}
    up: {x: 0, y: 1, z: 0}
    forward: {x: 0, y: 0, z: 0}
    color: {r: 1, g: 1, b: 1, a: 1}
    size: 1
    percent: 1
  _nodes:
  - node: {fileID: 7984379618286117463}
    pointIndex: 2
  - node: {fileID: 7984379617908369103}
    pointIndex: 3
  - node: {fileID: 7984379618021683915}
    pointIndex: 0
  - node: {fileID: 7984379618051203305}
    pointIndex: 1
--- !u!33 &7984379619285119856
MeshFilter:
  m_ObjectHideFlags: 0
  m_CorrespondingSourceObject: {fileID: 0}
  m_PrefabInstance: {fileID: 0}
  m_PrefabAsset: {fileID: 0}
  m_GameObject: {fileID: 7984379619285119867}
  m_Mesh: {fileID: 0}
--- !u!23 &7984379619285119863
MeshRenderer:
  m_ObjectHideFlags: 0
  m_CorrespondingSourceObject: {fileID: 0}
  m_PrefabInstance: {fileID: 0}
  m_PrefabAsset: {fileID: 0}
  m_GameObject: {fileID: 7984379619285119867}
  m_Enabled: 1
  m_CastShadows: 1
  m_ReceiveShadows: 1
  m_DynamicOccludee: 1
  m_MotionVectors: 1
  m_LightProbeUsage: 1
  m_ReflectionProbeUsage: 1
  m_RayTracingMode: 2
  m_RayTraceProcedural: 0
  m_RenderingLayerMask: 1
  m_RendererPriority: 0
  m_Materials:
  - {fileID: 2100000, guid: 57b445eb3f98c2742bc9136625bd0fc4, type: 2}
  m_StaticBatchInfo:
    firstSubMesh: 0
    subMeshCount: 0
  m_StaticBatchRoot: {fileID: 0}
  m_ProbeAnchor: {fileID: 0}
  m_LightProbeVolumeOverride: {fileID: 0}
  m_ScaleInLightmap: 1
  m_ReceiveGI: 1
  m_PreserveUVs: 0
  m_IgnoreNormalsForChartDetection: 0
  m_ImportantGI: 0
  m_StitchLightmapSeams: 1
  m_SelectedEditorRenderState: 3
  m_MinimumChartSize: 4
  m_AutoUVMaxDistance: 0.5
  m_AutoUVMaxAngle: 89
  m_LightmapParameters: {fileID: 0}
  m_SortingLayerID: 0
  m_SortingLayer: 0
  m_SortingOrder: 0
  m_AdditionalVertexStreams: {fileID: 0}
--- !u!114 &7984379619285119860
MonoBehaviour:
  m_ObjectHideFlags: 0
  m_CorrespondingSourceObject: {fileID: 0}
  m_PrefabInstance: {fileID: 0}
  m_PrefabAsset: {fileID: 0}
  m_GameObject: {fileID: 7984379619285119867}
  m_Enabled: 1
  m_EditorHideFlags: 0
  m_Script: {fileID: 11500000, guid: ff5f5220af00e574287547dab664b9ab, type: 3}
  m_Name: 
  m_EditorClassIdentifier: 
  updateMethod: 0
  _spline: {fileID: 7984379619285119861}
  _autoUpdate: 1
  _rotationModifier:
    blend: 1
    useClippedPercent: 0
    keys: []
  _offsetModifier:
    blend: 1
    useClippedPercent: 0
    keys: []
  _colorModifier:
    blend: 1
    useClippedPercent: 0
    keys: []
  _sizeModifier:
    blend: 1
    useClippedPercent: 0
    keys: []
  _clipFromSample:
    position: {x: 0, y: 13.5, z: 0}
    up: {x: 0, y: 1, z: 0}
    forward: {x: 0, y: 0, z: 0}
    color: {r: 1, g: 1, b: 1, a: 1}
    size: 1
    percent: 0
  _clipToSample:
    position: {x: 0, y: 13.5, z: 0}
    up: {x: 0, y: 1, z: 0}
    forward: {x: 0, y: 0, z: 0}
    color: {r: 1, g: 1, b: 1, a: 1}
    size: 1
    percent: 1
  _loopSamples: 0
  _clipFrom: 0
  _clipTo: 1
  animClipFrom: 0
  animClipTo: 1
  multithreaded: 0
  buildOnAwake: 1
  buildOnEnable: 0
  _baked: 0
  _markDynamic: 1
  _size: 1
  _color: {r: 1, g: 1, b: 1, a: 1}
  _offset: {x: 0, y: 0, z: 0}
  _normalMethod: 0
  _calculateTangents: 1
  _useSplineSize: 1
  _useSplineColor: 1
  _rotation: 0
  _flipFaces: 0
  _doubleSided: 0
  _uvMode: 0
  _uvScale: {x: 1, y: 1}
  _uvOffset: {x: 0, y: 0}
  _uvRotation: 0
  _meshIndexFormat: 0
  _bakedMesh: {fileID: 0}
  colliderUpdateRate: 0.2
  _expand: 0
  _extrude: -13.5
  _sideUvScale: {x: 1, y: 1}
  _sideUvOffset: {x: 0, y: 0}
  _sideUvRotation: 0
  _extrudeSpline: {fileID: 0}
  _extrudeOffset: {x: 0, y: 0, z: 0}
  extrudeResults: []
  identityVertices: []
  identityNormals: []
  projectedVerts:
  - {x: 0, y: 0}
  - {x: 0, y: 0}
  - {x: 0, y: 0}
  - {x: 0, y: 0}
  surfaceTris: 
  wallTris: 050000000100000000000000050000000600000001000000060000000200000001000000060000000700000002000000070000000300000002000000070000000800000003000000080000000400000003000000080000000900000004000000
  _extrudeFrom: 0
  _extrudeTo: 1
  _uniformUvs: 0
--- !u!64 &5301959501004380692
MeshCollider:
  m_ObjectHideFlags: 0
  m_CorrespondingSourceObject: {fileID: 0}
  m_PrefabInstance: {fileID: 0}
  m_PrefabAsset: {fileID: 0}
  m_GameObject: {fileID: 7984379619285119867}
  m_Material: {fileID: 0}
  m_IsTrigger: 0
  m_Enabled: 1
  serializedVersion: 4
  m_Convex: 0
  m_CookingOptions: 30
  m_Mesh: {fileID: 0}
--- !u!114 &6940956497868602010
MonoBehaviour:
  m_ObjectHideFlags: 0
  m_CorrespondingSourceObject: {fileID: 0}
  m_PrefabInstance: {fileID: 0}
  m_PrefabAsset: {fileID: 0}
  m_GameObject: {fileID: 7984379619285119867}
  m_Enabled: 0
  m_EditorHideFlags: 0
  m_Script: {fileID: 11500000, guid: 38c80816d5648374bbfe926339b82a04, type: 3}
  m_Name: 
  m_EditorClassIdentifier: 
  wireframeMaterial: {fileID: 2100000, guid: a76b16d4020749944b33340ad612b423, type: 2}
--- !u!1 &7984379619299954193
GameObject:
  m_ObjectHideFlags: 0
  m_CorrespondingSourceObject: {fileID: 0}
  m_PrefabInstance: {fileID: 0}
  m_PrefabAsset: {fileID: 0}
  serializedVersion: 6
  m_Component:
  - component: {fileID: 7984379619299954286}
  - component: {fileID: 7984379619299954194}
  - component: {fileID: 7984379619299954285}
  - component: {fileID: 7984379619299954284}
  - component: {fileID: 7984379619299954195}
  - component: {fileID: 166688191471464667}
  - component: {fileID: 5554798537718119824}
  m_Layer: 11
  m_Name: BigWingRight
  m_TagString: Untagged
  m_Icon: {fileID: 0}
  m_NavMeshLayer: 0
  m_StaticEditorFlags: 0
  m_IsActive: 1
--- !u!4 &7984379619299954286
Transform:
  m_ObjectHideFlags: 0
  m_CorrespondingSourceObject: {fileID: 0}
  m_PrefabInstance: {fileID: 0}
  m_PrefabAsset: {fileID: 0}
  m_GameObject: {fileID: 7984379619299954193}
  m_LocalRotation: {x: -0, y: -0, z: -0, w: 1}
  m_LocalPosition: {x: 0, y: 0, z: 0}
  m_LocalScale: {x: 1, y: 1, z: 1}
  m_Children: []
  m_Father: {fileID: 7984379619285119862}
  m_RootOrder: 2
  m_LocalEulerAnglesHint: {x: 0, y: 0, z: 0}
--- !u!114 &7984379619299954194
MonoBehaviour:
  m_ObjectHideFlags: 0
  m_CorrespondingSourceObject: {fileID: 0}
  m_PrefabInstance: {fileID: 0}
  m_PrefabAsset: {fileID: 0}
  m_GameObject: {fileID: 7984379619299954193}
  m_Enabled: 1
  m_EditorHideFlags: 0
  m_Script: {fileID: 11500000, guid: 598e68924c9f6324bbfd049d3bae754c, type: 3}
  m_Name: 
  m_EditorClassIdentifier: 
  editorDrawPivot: 1
  editorPathColor: {r: 1, g: 1, b: 1, a: 1}
  editorAlwaysDraw: 0
  editorDrawThickness: 0
  editorBillboardThickness: 1
  isNewlyCreated: 0
  editorUpdateMode: 0
  multithreaded: 0
  updateMode: 0
  triggerGroups: []
  _spline:
    points:
    - _type: 0
      position: {x: 0, y: 13.5, z: 0}
      color: {r: 1, g: 1, b: 1, a: 1}
      normal: {x: 0, y: 1, z: 0}
      size: 1
      tangent: {x: 0.07156992, y: 13.5, z: -0.17054653}
      tangent2: {x: -0.07156992, y: 13.5, z: 0.1705457}
    - _type: 0
      position: {x: 0, y: 13.5, z: 0}
      color: {r: 1, g: 1, b: 1, a: 1}
      normal: {x: 1, y: 0, z: 0}
      size: 1
      tangent: {x: 0, y: 13.5, z: 0}
      tangent2: {x: 0, y: 13.5, z: 0}
    - _type: 0
      position: {x: 0, y: 13, z: 0}
      color: {r: 1, g: 1, b: 1, a: 1}
      normal: {x: -0.0000016689303, y: 1.0000002, z: 0.00000007965127}
      size: 1
      tangent: {x: 0, y: 13, z: 0}
      tangent2: {x: 0, y: 13, z: 0}
    type: 3
    linearAverageDirection: 1
    customValueInterpolation:
      serializedVersion: 2
      m_Curve: []
      m_PreInfinity: 2
      m_PostInfinity: 2
      m_RotationOrder: 4
    customNormalInterpolation:
      serializedVersion: 2
      m_Curve: []
      m_PreInfinity: 2
      m_PostInfinity: 2
      m_RotationOrder: 4
    sampleRate: 10
    closed: 1
    _knotParametrization: 0
  _originalSamplePercents: []
  _is2D: 0
  hasSamples: 1
  _optimizeAngleThreshold: 0.5
  _space: 0
  _sampleMode: 0
  _subscribers:
  - {fileID: 7984379619299954195}
  _rawSamples:
  - position: {x: 0, y: 13.5, z: 0}
    up: {x: 0, y: 1, z: 0}
    forward: {x: 0, y: 1, z: 0}
    color: {r: 1, g: 1, b: 1, a: 1}
    size: 1
    percent: 0
  - position: {x: 0, y: 13.5, z: 0}
    up: {x: 1, y: 0, z: 0}
    forward: {x: 0, y: -1, z: 0}
    color: {r: 1, g: 1, b: 1, a: 1}
    size: 1
    percent: 0.3333333333333333
  - position: {x: 0, y: 13, z: 0}
    up: {x: -0.0000016689303, y: 1.0000002, z: 0.00000007965127}
    forward: {x: 0, y: 0.00000004371139, z: -1}
    color: {r: 1, g: 1, b: 1, a: 1}
    size: 1
    percent: 0.6666666666666666
  - position: {x: 0, y: 13.5, z: 0}
    up: {x: 0, y: 1, z: 0}
    forward: {x: 0, y: 1, z: 0}
    color: {r: 1, g: 1, b: 1, a: 1}
    size: 1
    percent: 1
  _nodes:
  - node: {fileID: 7984379618286117463}
    pointIndex: 0
  - node: {fileID: 7984379617596276146}
    pointIndex: 1
  - node: {fileID: 7984379618563701391}
    pointIndex: 2
--- !u!33 &7984379619299954285
MeshFilter:
  m_ObjectHideFlags: 0
  m_CorrespondingSourceObject: {fileID: 0}
  m_PrefabInstance: {fileID: 0}
  m_PrefabAsset: {fileID: 0}
  m_GameObject: {fileID: 7984379619299954193}
  m_Mesh: {fileID: 0}
--- !u!23 &7984379619299954284
MeshRenderer:
  m_ObjectHideFlags: 0
  m_CorrespondingSourceObject: {fileID: 0}
  m_PrefabInstance: {fileID: 0}
  m_PrefabAsset: {fileID: 0}
  m_GameObject: {fileID: 7984379619299954193}
  m_Enabled: 1
  m_CastShadows: 1
  m_ReceiveShadows: 1
  m_DynamicOccludee: 1
  m_MotionVectors: 1
  m_LightProbeUsage: 1
  m_ReflectionProbeUsage: 1
  m_RayTracingMode: 2
  m_RayTraceProcedural: 0
  m_RenderingLayerMask: 1
  m_RendererPriority: 0
  m_Materials:
  - {fileID: 2100000, guid: 57b445eb3f98c2742bc9136625bd0fc4, type: 2}
  m_StaticBatchInfo:
    firstSubMesh: 0
    subMeshCount: 0
  m_StaticBatchRoot: {fileID: 0}
  m_ProbeAnchor: {fileID: 0}
  m_LightProbeVolumeOverride: {fileID: 0}
  m_ScaleInLightmap: 1
  m_ReceiveGI: 1
  m_PreserveUVs: 0
  m_IgnoreNormalsForChartDetection: 0
  m_ImportantGI: 0
  m_StitchLightmapSeams: 1
  m_SelectedEditorRenderState: 3
  m_MinimumChartSize: 4
  m_AutoUVMaxDistance: 0.5
  m_AutoUVMaxAngle: 89
  m_LightmapParameters: {fileID: 0}
  m_SortingLayerID: 0
  m_SortingLayer: 0
  m_SortingOrder: 0
  m_AdditionalVertexStreams: {fileID: 0}
--- !u!114 &7984379619299954195
MonoBehaviour:
  m_ObjectHideFlags: 0
  m_CorrespondingSourceObject: {fileID: 0}
  m_PrefabInstance: {fileID: 0}
  m_PrefabAsset: {fileID: 0}
  m_GameObject: {fileID: 7984379619299954193}
  m_Enabled: 1
  m_EditorHideFlags: 0
  m_Script: {fileID: 11500000, guid: ff5f5220af00e574287547dab664b9ab, type: 3}
  m_Name: 
  m_EditorClassIdentifier: 
  updateMethod: 0
  _spline: {fileID: 7984379619299954194}
  _autoUpdate: 1
  _rotationModifier:
    blend: 1
    useClippedPercent: 0
    keys: []
  _offsetModifier:
    blend: 1
    useClippedPercent: 0
    keys: []
  _colorModifier:
    blend: 1
    useClippedPercent: 0
    keys: []
  _sizeModifier:
    blend: 1
    useClippedPercent: 0
    keys: []
  _clipFromSample:
    position: {x: 0, y: 13.5, z: 0}
    up: {x: 0, y: 1, z: 0}
    forward: {x: 0, y: 1, z: 0}
    color: {r: 1, g: 1, b: 1, a: 1}
    size: 1
    percent: 0
  _clipToSample:
    position: {x: 0, y: 13.5, z: 0}
    up: {x: 0, y: 1, z: 0}
    forward: {x: 0, y: 1, z: 0}
    color: {r: 1, g: 1, b: 1, a: 1}
    size: 1
    percent: 1
  _loopSamples: 0
  _clipFrom: 0
  _clipTo: 1
  animClipFrom: 0
  animClipTo: 1
  multithreaded: 0
  buildOnAwake: 1
  buildOnEnable: 0
  _baked: 0
  _markDynamic: 1
  _size: 1
  _color: {r: 1, g: 1, b: 1, a: 1}
  _offset: {x: 0, y: 0, z: 0}
  _normalMethod: 0
  _calculateTangents: 1
  _useSplineSize: 1
  _useSplineColor: 1
  _rotation: 0
  _flipFaces: 0
  _doubleSided: 1
  _uvMode: 0
  _uvScale: {x: 1, y: 1}
  _uvOffset: {x: 0, y: 0}
  _uvRotation: 0
  _meshIndexFormat: 0
  _bakedMesh: {fileID: 0}
  colliderUpdateRate: 0.2
  _expand: 0
  _extrude: 0.15
  _sideUvScale: {x: 1, y: 1}
  _sideUvOffset: {x: 0, y: 0}
  _sideUvRotation: 0
  _extrudeSpline: {fileID: 0}
  _extrudeOffset: {x: 0, y: 0, z: 0}
  extrudeResults: []
  identityVertices: []
  identityNormals: []
  projectedVerts:
  - {x: 0.000000004967063, y: 0.07453563}
  - {x: 0.000000004967063, y: 0.07453563}
  - {x: -0.000000009934098, y: -0.14907083}
  surfaceTris: 
  wallTris: 000000000100000004000000010000000500000004000000010000000200000005000000020000000600000005000000020000000300000006000000030000000700000006000000
  _extrudeFrom: 0
  _extrudeTo: 1
  _uniformUvs: 0
--- !u!64 &166688191471464667
MeshCollider:
  m_ObjectHideFlags: 0
  m_CorrespondingSourceObject: {fileID: 0}
  m_PrefabInstance: {fileID: 0}
  m_PrefabAsset: {fileID: 0}
  m_GameObject: {fileID: 7984379619299954193}
  m_Material: {fileID: 0}
  m_IsTrigger: 0
  m_Enabled: 1
  serializedVersion: 4
  m_Convex: 0
  m_CookingOptions: 30
  m_Mesh: {fileID: 0}
--- !u!114 &5554798537718119824
MonoBehaviour:
  m_ObjectHideFlags: 0
  m_CorrespondingSourceObject: {fileID: 0}
  m_PrefabInstance: {fileID: 0}
  m_PrefabAsset: {fileID: 0}
  m_GameObject: {fileID: 7984379619299954193}
  m_Enabled: 0
  m_EditorHideFlags: 0
  m_Script: {fileID: 11500000, guid: 38c80816d5648374bbfe926339b82a04, type: 3}
  m_Name: 
  m_EditorClassIdentifier: 
  wireframeMaterial: {fileID: 2100000, guid: a76b16d4020749944b33340ad612b423, type: 2}
--- !u!1 &7984379619503954864
GameObject:
  m_ObjectHideFlags: 0
  m_CorrespondingSourceObject: {fileID: 0}
  m_PrefabInstance: {fileID: 0}
  m_PrefabAsset: {fileID: 0}
  serializedVersion: 6
  m_Component:
  - component: {fileID: 7984379619503954829}
  - component: {fileID: 7984379619503954865}
  - component: {fileID: 7984379619503954828}
  - component: {fileID: 7984379619503954867}
  - component: {fileID: 7984379619503954866}
  - component: {fileID: 8207513854005012551}
  - component: {fileID: 1293686937362585579}
  m_Layer: 12
  m_Name: UHTTop
  m_TagString: Untagged
  m_Icon: {fileID: 0}
  m_NavMeshLayer: 0
  m_StaticEditorFlags: 0
  m_IsActive: 1
--- !u!4 &7984379619503954829
Transform:
  m_ObjectHideFlags: 0
  m_CorrespondingSourceObject: {fileID: 0}
  m_PrefabInstance: {fileID: 0}
  m_PrefabAsset: {fileID: 0}
  m_GameObject: {fileID: 7984379619503954864}
  m_LocalRotation: {x: -0, y: -0, z: -0, w: 1}
  m_LocalPosition: {x: 0, y: 0, z: 0}
  m_LocalScale: {x: 1, y: 1, z: 1}
  m_Children: []
  m_Father: {fileID: 7984379619285119862}
  m_RootOrder: 0
  m_LocalEulerAnglesHint: {x: 0, y: 0, z: 0}
--- !u!114 &7984379619503954865
MonoBehaviour:
  m_ObjectHideFlags: 0
  m_CorrespondingSourceObject: {fileID: 0}
  m_PrefabInstance: {fileID: 0}
  m_PrefabAsset: {fileID: 0}
  m_GameObject: {fileID: 7984379619503954864}
  m_Enabled: 1
  m_EditorHideFlags: 0
  m_Script: {fileID: 11500000, guid: 598e68924c9f6324bbfd049d3bae754c, type: 3}
  m_Name: 
  m_EditorClassIdentifier: 
  editorDrawPivot: 1
  editorPathColor: {r: 1, g: 1, b: 1, a: 1}
  editorAlwaysDraw: 0
  editorDrawThickness: 0
  editorBillboardThickness: 1
  isNewlyCreated: 0
  editorUpdateMode: 0
  multithreaded: 0
  updateMode: 0
  triggerGroups: []
  _spline:
    points:
    - _type: 0
      position: {x: 0, y: 13.5, z: 0}
      color: {r: 1, g: 1, b: 1, a: 1}
      normal: {x: 0, y: 1, z: 0}
      size: 1
      tangent: {x: -0.12517786, y: 13.5, z: -0.09408569}
      tangent2: {x: 0.12517834, y: 13.5, z: 0.09408569}
    - _type: 0
      position: {x: 0, y: 13.5, z: 0}
      color: {r: 1, g: 1, b: 1, a: 1}
      normal: {x: 1, y: 0, z: 0}
      size: 1
      tangent: {x: -0.039584637, y: 13.5, z: 0.039584637}
      tangent2: {x: 0.039584637, y: 13.5, z: -0.039584637}
    - _type: 0
      position: {x: 0, y: 13.5, z: 0}
      color: {r: 1, g: 1, b: 1, a: 1}
      normal: {x: 1, y: 0, z: 0}
      size: 1
      tangent: {x: 0, y: 13.5, z: 0}
      tangent2: {x: 0, y: 13.5, z: 0}
    - _type: 0
      position: {x: 0, y: 13.5, z: 0}
      color: {r: 1, g: 1, b: 1, a: 1}
      normal: {x: 0, y: 1, z: 0}
      size: 1
      tangent: {x: 0.07156992, y: 13.5, z: -0.17054653}
      tangent2: {x: -0.07156992, y: 13.5, z: 0.1705457}
    type: 3
    linearAverageDirection: 1
    customValueInterpolation:
      serializedVersion: 2
      m_Curve: []
      m_PreInfinity: 2
      m_PostInfinity: 2
      m_RotationOrder: 4
    customNormalInterpolation:
      serializedVersion: 2
      m_Curve: []
      m_PreInfinity: 2
      m_PostInfinity: 2
      m_RotationOrder: 4
    sampleRate: 10
    closed: 1
    _knotParametrization: 0
  _originalSamplePercents: []
  _is2D: 0
  hasSamples: 1
  _optimizeAngleThreshold: 0.5
  _space: 0
  _sampleMode: 0
  _subscribers:
  - {fileID: 7984379619503954866}
  _rawSamples:
  - position: {x: 0, y: 13.5, z: 0}
    up: {x: 0, y: 1, z: 0}
    forward: {x: 0, y: 0, z: 0}
    color: {r: 1, g: 1, b: 1, a: 1}
    size: 1
    percent: 0
  - position: {x: 0, y: 13.5, z: 0}
    up: {x: 1, y: 0, z: 0}
    forward: {x: 0, y: 0, z: 0}
    color: {r: 1, g: 1, b: 1, a: 1}
    size: 1
    percent: 0.25
  - position: {x: 0, y: 13.5, z: 0}
    up: {x: 1, y: 0, z: 0}
    forward: {x: 0, y: 0, z: 0}
    color: {r: 1, g: 1, b: 1, a: 1}
    size: 1
    percent: 0.5
  - position: {x: 0, y: 13.5, z: 0}
    up: {x: 0, y: 1, z: 0}
    forward: {x: 0, y: 0, z: 0}
    color: {r: 1, g: 1, b: 1, a: 1}
    size: 1
    percent: 0.75
  - position: {x: 0, y: 13.5, z: 0}
    up: {x: 0, y: 1, z: 0}
    forward: {x: 0, y: 0, z: 0}
    color: {r: 1, g: 1, b: 1, a: 1}
    size: 1
    percent: 1
  _nodes:
  - node: {fileID: 7984379618286117463}
    pointIndex: 3
  - node: {fileID: 7984379617908369103}
    pointIndex: 0
  - node: {fileID: 7984379617596276146}
    pointIndex: 2
  - node: {fileID: 7984379618817315722}
    pointIndex: 1
--- !u!33 &7984379619503954828
MeshFilter:
  m_ObjectHideFlags: 0
  m_CorrespondingSourceObject: {fileID: 0}
  m_PrefabInstance: {fileID: 0}
  m_PrefabAsset: {fileID: 0}
  m_GameObject: {fileID: 7984379619503954864}
  m_Mesh: {fileID: 0}
--- !u!23 &7984379619503954867
MeshRenderer:
  m_ObjectHideFlags: 0
  m_CorrespondingSourceObject: {fileID: 0}
  m_PrefabInstance: {fileID: 0}
  m_PrefabAsset: {fileID: 0}
  m_GameObject: {fileID: 7984379619503954864}
  m_Enabled: 1
  m_CastShadows: 1
  m_ReceiveShadows: 1
  m_DynamicOccludee: 1
  m_MotionVectors: 1
  m_LightProbeUsage: 1
  m_ReflectionProbeUsage: 1
  m_RayTracingMode: 2
  m_RayTraceProcedural: 0
  m_RenderingLayerMask: 1
  m_RendererPriority: 0
  m_Materials:
  - {fileID: 2100000, guid: 57b445eb3f98c2742bc9136625bd0fc4, type: 2}
  m_StaticBatchInfo:
    firstSubMesh: 0
    subMeshCount: 0
  m_StaticBatchRoot: {fileID: 0}
  m_ProbeAnchor: {fileID: 0}
  m_LightProbeVolumeOverride: {fileID: 0}
  m_ScaleInLightmap: 1
  m_ReceiveGI: 1
  m_PreserveUVs: 0
  m_IgnoreNormalsForChartDetection: 0
  m_ImportantGI: 0
  m_StitchLightmapSeams: 1
  m_SelectedEditorRenderState: 3
  m_MinimumChartSize: 4
  m_AutoUVMaxDistance: 0.5
  m_AutoUVMaxAngle: 89
  m_LightmapParameters: {fileID: 0}
  m_SortingLayerID: 0
  m_SortingLayer: 0
  m_SortingOrder: 0
  m_AdditionalVertexStreams: {fileID: 0}
--- !u!114 &7984379619503954866
MonoBehaviour:
  m_ObjectHideFlags: 0
  m_CorrespondingSourceObject: {fileID: 0}
  m_PrefabInstance: {fileID: 0}
  m_PrefabAsset: {fileID: 0}
  m_GameObject: {fileID: 7984379619503954864}
  m_Enabled: 1
  m_EditorHideFlags: 0
  m_Script: {fileID: 11500000, guid: ff5f5220af00e574287547dab664b9ab, type: 3}
  m_Name: 
  m_EditorClassIdentifier: 
  updateMethod: 0
  _spline: {fileID: 7984379619503954865}
  _autoUpdate: 1
  _rotationModifier:
    blend: 1
    useClippedPercent: 0
    keys: []
  _offsetModifier:
    blend: 1
    useClippedPercent: 0
    keys: []
  _colorModifier:
    blend: 1
    useClippedPercent: 0
    keys: []
  _sizeModifier:
    blend: 1
    useClippedPercent: 0
    keys: []
  _clipFromSample:
    position: {x: 0, y: 13.5, z: 0}
    up: {x: 0, y: 1, z: 0}
    forward: {x: 0, y: 0, z: 0}
    color: {r: 1, g: 1, b: 1, a: 1}
    size: 1
    percent: 0
  _clipToSample:
    position: {x: 0, y: 13.5, z: 0}
    up: {x: 0, y: 1, z: 0}
    forward: {x: 0, y: 0, z: 0}
    color: {r: 1, g: 1, b: 1, a: 1}
    size: 1
    percent: 1
  _loopSamples: 0
  _clipFrom: 0
  _clipTo: 1
  animClipFrom: 0
  animClipTo: 1
  multithreaded: 0
  buildOnAwake: 1
  buildOnEnable: 0
  _baked: 0
  _markDynamic: 1
  _size: 1
  _color: {r: 1, g: 1, b: 1, a: 1}
  _offset: {x: 0, y: 0, z: 0}
  _normalMethod: 0
  _calculateTangents: 1
  _useSplineSize: 1
  _useSplineColor: 1
  _rotation: 0
  _flipFaces: 0
  _doubleSided: 1
  _uvMode: 0
  _uvScale: {x: 1, y: 1}
  _uvOffset: {x: 0, y: 0}
  _uvRotation: 0
  _meshIndexFormat: 0
  _bakedMesh: {fileID: 0}
  colliderUpdateRate: 0.2
  _expand: 0
  _extrude: 0.1
  _sideUvScale: {x: 1, y: 1}
  _sideUvOffset: {x: 0, y: 0}
  _sideUvRotation: 0
  _extrudeSpline: {fileID: 0}
  _extrudeOffset: {x: 0, y: 0, z: 0}
  extrudeResults: []
  identityVertices: []
  identityNormals: []
  projectedVerts:
  - {x: 0, y: 0}
  - {x: 0, y: 0}
  - {x: 0, y: 0}
  - {x: 0, y: 0}
  surfaceTris: 
  wallTris: 000000000100000005000000010000000600000005000000010000000200000006000000020000000700000006000000020000000300000007000000030000000800000007000000030000000400000008000000040000000900000008000000
  _extrudeFrom: 0
  _extrudeTo: 1
  _uniformUvs: 0
--- !u!64 &8207513854005012551
MeshCollider:
  m_ObjectHideFlags: 0
  m_CorrespondingSourceObject: {fileID: 0}
  m_PrefabInstance: {fileID: 0}
  m_PrefabAsset: {fileID: 0}
  m_GameObject: {fileID: 7984379619503954864}
  m_Material: {fileID: 0}
  m_IsTrigger: 0
  m_Enabled: 1
  serializedVersion: 4
  m_Convex: 0
  m_CookingOptions: 30
  m_Mesh: {fileID: 0}
--- !u!114 &1293686937362585579
MonoBehaviour:
  m_ObjectHideFlags: 0
  m_CorrespondingSourceObject: {fileID: 0}
  m_PrefabInstance: {fileID: 0}
  m_PrefabAsset: {fileID: 0}
  m_GameObject: {fileID: 7984379619503954864}
  m_Enabled: 0
  m_EditorHideFlags: 0
  m_Script: {fileID: 11500000, guid: 38c80816d5648374bbfe926339b82a04, type: 3}
  m_Name: 
  m_EditorClassIdentifier: 
  wireframeMaterial: {fileID: 2100000, guid: a76b16d4020749944b33340ad612b423, type: 2}
